3371 5304
859 631 1440 685 IIABITATIONES
1483 629 1578 679 ET
1625 627 2067 679 MANSIONES
2115 623 2616 678 ANGELORUM.
2754 623 2875 690 107

634 804 960 891 Inquisivi
994 803 1176 870 unde
1212 802 1348 867 illis
1375 810 1636 877 vesteS,
1669 809 1745 865 et
1780 800 2107 864 dixerunt
2146 797 2331 882 quod
2367 818 2413 863 a
2447 794 2769 870 Domino,
2802 803 2876 858 et

631 901 816 985 quod
859 901 1206 965 donentur
1263 898 1422 974 illis,
1469 907 1542 962 et
1609 896 1795 980 quod
1846 895 2261 980 quandoque
2310 893 2697 958 vestiantur
2742 889 2877 954 illis

633 995 1120 1060 nescientibus,
1213 994 1559 1058 Dixerunt
1591 992 1826 1068 etiam,
1854 990 2037 1074 quod
2070 999 2429 1066 mutentur
2457 997 2689 1052 vestes
2720 985 2877 1050 illo-

633 1110 804 1166 rum,
841 1099 916 1156 et
961 1089 1146 1174 quod
1191 1088 1328 1153 illis
1374 1097 1608 1152 vestes
1651 1089 1723 1150 in
1772 1087 1991 1169 primo
2036 1094 2111 1149 et
2154 1083 2462 1148 secundo
2498 1090 2691 1147 statu
2734 1080 2877 1144 sint

633 1184 1036 1269 splendidae
1066 1195 1139 1248 et
1172 1183 1533 1259 candidae,
1559 1183 1628 1246 in
1661 1183 1871 1248 tertio
1899 1191 1973 1246 et
2008 1189 2256 1264 quarto
2288 1177 2493 1260 paulo
2525 1176 2877 1240 obscurio-

633 1302 762 1358 res,
800 1291 875 1346 et
909 1281 1042 1346 hoc
1080 1300 1350 1364 quoque
1386 1299 1478 1342 ex
1515 1277 2153 1360 coi-respondentia,
2186 1275 2345 1358 quia
2379 1272 2515 1338 illis
2546 1271 2879 1334 mutatio·

635 1396 758 1440 nes
801 1385 1030 1440 status
1088 1384 1248 1438 sunt
1295 1373 1523 1457 quoad
1570 1372 2109 1455 intelligentiam
2164 1379 2237 1434 et
2295 1367 2703 1452 sapientiam
2758 1363 2876 1449 (de

633 1471 876 1555 quibus
912 1471 1231 1536 videatur
1265 1488 1490 1553 supra,
1531 1489 1597 1532 n.
1643 1467 1987 1551 154—161).

757 1566 943 1633 182·
1001 1563 1183 1649 Quia
1238 1575 1474 1630 vestes
1534 1564 1779 1647 cuique
1854 1563 1925 1628 in
1990 1559 2251 1625 mundo
2311 1556 2648 1643 spirituali
2712 1564 2877 1620 sunt

635 1661 1008 1726 secundum
1061 1659 1620 1743 intelligentiam,
1668 1661 1772 1722 ita
1830 1657 2205 1722 secundum
2258 1675 2427 1718 vera
2483 1673 2575 1717 ex
2636 1651 2879 1736 quibus

633 1757 1118 1838 intelligentia,
1157 1757 1314 1820 ideo
1372 1755 1474 1820 illi
1529 1755 1643 1838 qui
1701 1756 1770 1818 in
1828 1752 2129 1829 inferniS,
2178 1751 2339 1835 quia
2395 1750 2653 1831 absque
2698 1748 2877 1812 veris

634 1861 816 1928 sunt,
856 1851 1131 1935 quidem
1169 1859 1508 1933 apparent
1547 1850 1772 1914 induti
1807 1847 2140 1922 vestibus,
2179 1846 2303 1910 sed
2339 1845 2604 1920 laceriS,
2645 1842 2875 1926 squal-

637 1945 789 2011 lidis
846 1957 920 2012 et
978 1947 1202 2022 tetris,
1265 1948 1550 2030 quisque
1608 1944 1989 2009 secundum
2046 1961 2241 2007 suam
2300 1941 2678 2018 insaniam3
2747 1957 2873 2002 nec

635 2051 922 2126 possunt
957 2041 1112 2105 aliis
1145 2041 1372 2106 indui:
1417 2041 1624 2106 datur
1658 2039 1797 2104 illis
1832 2058 1875 2103 a
1913 2037 2213 2103 Domino
2247 2035 2507 2112 vestiri,
2540 2053 2629 2098 ne
2665 2051 2877 2117 appa·

635 2146 833 2203 reant
869 2136 1052 2201 nudi.

1627 2519 1885 2606 [xxm

676 2700 792 2767 DE
839 2698 1514 2783 HAmTAnomsus
1561 2712 1658 2765 m·
1704 2698 2245 2765 MANs1omnus
2290 2697 2819 2763 Aussnonuu.

759 2874 953 2957 183·
1013 2871 1359 2956 Quoniam
1417 2875 1486 2939 in
1548 2873 1749 2939 caelo
1807 2874 2191 2938 societates
2246 2881 2431 2948 sunt,
2494 2880 2570 2936 et
2634 2872 2875 2935 vivunt

634 2969 808 3033 sicut
843 2968 1182 3045 homines,
1222 2971 1382 3033 ideo
1419 2970 1632 3034 etiam
1671 2969 1806 3033 illis
1853 2978 2015 3034 sunt
2053 2967 2551 3044 habitationes,
2602 2976 2673 3031 et
2718 2965 2877 3031 illae

634 3083 902 3147 quoque
937 3064 1165 3129 variae
1201 3064 1581 3129 secundum
1619 3074 1881 3129 statum
1929 3064 2115 3128 vitae
2162 3062 2494 3146 cujusvis;
2563 3060 2873 3145 magnifi-

634 3177 758 3223 cae
803 3157 937 3222 illis
983 3160 1096 3243 qui
1153 3160 1221 3223 in
1272 3160 1566 3241 digniori
1613 3169 1804 3224 statu
1850 3168 2033 3233 sunt,
2082 3168 2155 3223 et
2202 3159 2423 3222 minus
2470 3156 2876 3240 magnificae

632 3252 766 3317 illis
797 3254 909 3338 qui
947 3253 1015 3317 in
1049 3254 1364 3318 inferiori.
1457 3252 1564 3319 De
1588 3254 2141 3331 habitationibus
2178 3253 2245 3317 in
2284 3254 2481 3318 caelo
2514 3252 2877 3336 aliquoties

634 3368 788 3411 cum
827 3349 1092 3431 angelis
1132 3348 1401 3413 locutus
1439 3369 1629 3428 sum;
1684 3360 1755 3415 et
1802 3351 1971 3425 dixi,
2012 3350 2196 3433 quod
2234 3348 2439 3413 hodie
2475 3351 2596 3413 vix
2634 3347 2877 3432 aliquis

633 3444 1014 3511 crediturus
1036 3446 1148 3521 sit,
1177 3445 1357 3529 quod
1391 3444 1789 3510 habitacula
1814 3454 1887 3509 et
1920 3446 2315 3509 mansiones
2336 3444 2473 3509 illis
2497 3445 2635 3509 sint
2664 3466 2681 3524 ;
2729 3446 2875 3528 qui-

634 3538 794 3603 dam
831 3558 924 3602 ex
962 3559 1169 3604 causa
1206 3542 1362 3622 quia
1401 3560 1540 3605 non
1575 3540 1815 3605 vident
1854 3540 2014 3617 illa;
2062 3540 2339 3624 quidam
2376 3540 2533 3623 quia
2571 3560 2707 3605 non
2746 3541 2875 3603 sci-

635 3644 756 3697 unt
795 3634 979 3718 quod
1015 3635 1248 3719 angeli
1279 3635 1594 3700 homines
1630 3638 1810 3713 sint;
1859 3636 2135 3719 quidam
2174 3636 2331 3719 quia
2366 3635 2656 3700 credunt
2693 3636 2876 3719 quod

633 3729 899 3793 caelum
929 3729 1320 3811 angelicum
1352 3732 1443 3796 sit
1477 3730 1745 3795 caelum
1776 3731 1959 3814 quod
1992 3727 2345 3813 spectatur
2375 3728 2590 3794 oculis
2624 3729 2875 3795 circum

635 3824 812 3899 illos,
847 3824 1030 3908 quod
1068 3825 1224 3909 quia
1261 3826 1464 3891 inane
1503 3836 1815 3909 apparet,
1856 3836 1928 3890 et
1969 3835 2219 3908 putant
2256 3825 2442 3909 quod
2472 3824 2705 3909 angeli
2742 3827 2877 3889 sint

632 3919 889 3983 formae
946 3920 1296 3995 aethei-ae,
1358 3920 1784 3986 concludunt
1851 3922 2035 4005 quod
2102 3922 2167 3985 in
2236 3922 2521 3985 aethere
2586 3920 2823 3984 vivant
2855 3942 2870 3995 ς

635 4025 1012 4098 praeterea,
1060 4016 1243 4099 quod
1304 4016 1372 4079 in
1433 4016 1691 4081 mundo
1749 4016 2086 4100 spirituali
2147 4018 2287 4081 sint
2350 4016 2518 4081 talia
2575 4035 2750 4100 quae
2808 4017 2874 4079 in

633 4109 888 4175 mundo
935 4110 1252 4185 naturali,
1303 4132 1439 4175 non
1490 4114 1793 4195 capiunt,
1844 4113 2000 4195 quia
2049 4112 2215 4176 nihil
2260 4112 2488 4176 sciunt
2534 4111 2619 4174 de
2678 4113 2872 4194 spiri-

632 4204 822 4269 tuali.
911 4204 1170 4287 Angeli
1209 4206 1533 4270 dixerunt
1571 4209 1755 4290 quod
1794 4210 2018 4272 sciant
2054 4208 2235 4291 quod
2284 4206 2443 4273 talis
2487 4207 2877 4291 ignorantia

630 4309 878 4383 regnet
931 4300 1137 4365 hodie
1197 4302 1267 4364 in
1325 4302 1604 4379 mund0,
1646 4312 1741 4379 et,
1791 4305 1974 4387 quod
2035 4304 2284 4379 mirati,
2332 4304 2637 4366 maxime
2696 4303 2875 4365 intra

630 4393 1037 4474 ecclesiam;
1084 4416 1164 4461 ac
1199 4397 1292 4460 ibi
1329 4397 1482 4480 plus
1513 4399 1696 4481 apud
1730 4399 2228 4483 intelligentes,
2263 4418 2467 4482 quam
2500 4397 2682 4482 apud
2721 4397 2877 4461 illos

632 4510 804 4575 quos
834 4500 1093 4555 vocant
1125 4492 1510 4575 simplices:
1560 4494 1887 4557 dixerunt
1917 4515 2142 4578 porro,
2177 4496 2359 4579 quod
2396 4494 2571 4557 scire
2609 4492 2875 4575 possint

634 4604 725 4653 ex
773 4582 1012 4651 Verbo
1063 4588 1246 4672 quod
1307 4587 1537 4671 angeli
1591 4588 1909 4655 homines
1966 4590 2130 4670 sint,
2178 4592 2525 4676 quoniam,
2573 4589 2688 4673 qui
2748 4588 2876 4652 visi
