<?xml version="1.0" encoding="UTF-8"?>
<!DOCTYPE html PUBLIC "-//W3C//DTD XHTML 1.0 Transitional//EN"
    "http://www.w3.org/TR/xhtml1/DTD/xhtml1-transitional.dtd">
<html xmlns="http://www.w3.org/1999/xhtml" xml:lang="en" lang="en">
 <head>
  <title>
</title>
<meta http-equiv="Content-Type" content="text/html;charset=utf-8" />
  <meta name='ocr-system' content='tesseract 3.04.00' />
  <meta name='ocr-capabilities' content='ocr_page ocr_carea ocr_par ocr_line ocrx_word'/>
</head>
<body>
  <div class='ocr_page' id='page_1' title='image "./exauditisetvisi00swedgoog_0384.png"; bbox 0 0 3371 5304; ppageno 0'>
   <div class='ocr_carea' id='block_1_1' title="bbox 13 1435 21 1946">
    <p class='ocr_par' dir='ltr' id='par_1_1' title="bbox 13 1435 21 1946">
     <span class='ocr_line' id='line_1_1' title="bbox 13 1435 21 1946; baseline 0 0"><span class='ocrx_word' id='word_1_1' title='bbox 13 1435 21 1946; x_wconf 95' lang='lat' dir='ltr'> </span> 
     </span>
    </p>
   </div>
   <div class='ocr_carea' id='block_1_2' title="bbox 610 611 2217 694">
    <p class='ocr_par' dir='ltr' id='par_1_2' title="bbox 610 611 2217 694">
     <span class='ocr_line' id='line_1_2' title="bbox 610 611 2217 694; baseline -0.002 -19"><span class='ocrx_word' id='word_1_2' title='bbox 610 611 734 694; x_wconf 85' lang='lat'>378</span> <span class='ocrx_word' id='word_1_3' title='bbox 1260 623 1364 675; x_wconf 74' lang='lat' dir='ltr'>nn</span> <span class='ocrx_word' id='word_1_4' title='bbox 1407 620 1664 674; x_wconf 68' lang='lat' dir='ltr'>cai-:Lo</span> <span class='ocrx_word' id='word_1_5' title='bbox 1708 621 1809 673; x_wconf 77' lang='grc' dir='ltr'>ΕΤ</span> <span class='ocrx_word' id='word_1_6' title='bbox 1852 621 2217 675; x_wconf 74' lang='lat' dir='ltr'>INFERNO.</span> 
     </span>
    </p>
   </div>
   <div class='ocr_carea' id='block_1_3' title="bbox 575 795 2858 4689">
    <p class='ocr_par' dir='ltr' id='par_1_3' title="bbox 583 795 2858 3160">
     <span class='ocr_line' id='line_1_3' title="bbox 605 795 2855 880; baseline 0.003 -19"><span class='ocrx_word' id='word_1_7' title='bbox 605 796 848 880; x_wconf 88' lang='lat' dir='ltr'>quales</span> <span class='ocrx_word' id='word_1_8' title='bbox 895 806 1056 861; x_wconf 89' lang='lat' dir='ltr'>sunt</span> <span class='ocrx_word' id='word_1_9' title='bbox 1100 796 1168 860; x_wconf 88' lang='lat' dir='ltr'>in</span> <span class='ocrx_word' id='word_1_10' title='bbox 1215 795 1485 871; x_wconf 84' lang='lat' dir='ltr'>fodinis,</span> <span class='ocrx_word' id='word_1_11' title='bbox 1527 814 1684 860; x_wconf 89' lang='lat' dir='ltr'>cum</span> <span class='ocrx_word' id='word_1_12' title='bbox 1730 797 1949 860; x_wconf 82' lang='lat' dir='ltr'><strong>antris</strong></span> <span class='ocrx_word' id='word_1_13' title='bbox 1992 817 2231 860; x_wconf 83' lang='lat' dir='ltr'>versus</span> <span class='ocrx_word' id='word_1_14' title='bbox 2274 797 2615 866; x_wconf 84' lang='lat' dir='ltr'>inferiora.</span> <span class='ocrx_word' id='word_1_15' title='bbox 2700 801 2855 868; x_wconf 87' lang='lat' dir='ltr'>Ple·</span> 
     </span>
     <span class='ocr_line' id='line_1_4' title="bbox 606 891 2858 978; baseline 0.004 -23"><span class='ocrx_word' id='word_1_16' title='bbox 606 913 815 975; x_wconf 91' lang='lat' dir='ltr'>raque</span> <span class='ocrx_word' id='word_1_17' title='bbox 875 891 1137 955; x_wconf 86' lang='lat' dir='ltr'>inferna</span> <span class='ocrx_word' id='word_1_18' title='bbox 1193 901 1356 956; x_wconf 86' lang='lat' dir='ltr'>sunt</span> <span class='ocrx_word' id='word_1_19' title='bbox 1409 891 1803 972; x_wconf 87' lang='lat' dir='ltr'>triplicata;</span> <span class='ocrx_word' id='word_1_20' title='bbox 1870 893 2223 974; x_wconf 81' lang='lat' dir='ltr'>superiora</span> <span class='ocrx_word' id='word_1_21' title='bbox 2280 893 2466 958; x_wconf 87' lang='lat' dir='ltr'>intus</span> <span class='ocrx_word' id='word_1_22' title='bbox 2522 910 2858 978; x_wconf 72' lang='lat' dir='ltr'>apparent</span> 
     </span>
     <span class='ocr_line' id='line_1_5' title="bbox 601 987 2845 1070; baseline 0.003 -18"><span class='ocrx_word' id='word_1_23' title='bbox 601 987 1008 1070; x_wconf 86' lang='lat' dir='ltr'>caliginosa,</span> <span class='ocrx_word' id='word_1_24' title='bbox 1065 988 1220 1070; x_wconf 91' lang='lat' dir='ltr'>quia</span> <span class='ocrx_word' id='word_1_25' title='bbox 1267 988 1359 1050; x_wconf 90' lang='lat' dir='ltr'>ibi</span> <span class='ocrx_word' id='word_1_26' title='bbox 1417 989 1486 1051; x_wconf 89' lang='lat' dir='ltr'>in</span> <span class='ocrx_word' id='word_1_27' title='bbox 1545 987 1737 1051; x_wconf 86' lang='lat' dir='ltr'>falsis</span> <span class='ocrx_word' id='word_1_28' title='bbox 1794 987 1961 1052; x_wconf 87' lang='lat' dir='ltr'>mali</span> <span class='ocrx_word' id='word_1_29' title='bbox 2013 996 2199 1063; x_wconf 85' lang='lat' dir='ltr'>sunt,</span> <span class='ocrx_word' id='word_1_30' title='bbox 2238 988 2555 1054; x_wconf 84' lang='lat' dir='ltr'>inferiora</span> <span class='ocrx_word' id='word_1_31' title='bbox 2612 1003 2845 1058; x_wconf 89' lang='lat' dir='ltr'>autem</span> 
     </span>
     <span class='ocr_line' id='line_1_6' title="bbox 598 1082 2849 1168; baseline 0.003 -21"><span class='ocrx_word' id='word_1_32' title='bbox 598 1094 942 1167; x_wconf 83' lang='lat' dir='ltr'><strong>apparent</strong></span> <span class='ocrx_word' id='word_1_33' title='bbox 979 1084 1222 1164; x_wconf 88' lang='lat' dir='ltr'>ignita,</span> <span class='ocrx_word' id='word_1_34' title='bbox 1261 1083 1421 1165; x_wconf 89' lang='lat' dir='ltr'>quia</span> <span class='ocrx_word' id='word_1_35' title='bbox 1457 1083 1550 1146; x_wconf 88' lang='lat' dir='ltr'>ibi</span> <span class='ocrx_word' id='word_1_36' title='bbox 1595 1083 1666 1145; x_wconf 92' lang='lat' dir='ltr'>in</span> <span class='ocrx_word' id='word_1_37' title='bbox 1712 1083 1877 1164; x_wconf 90' lang='lat' dir='ltr'>ipsis</span> <span class='ocrx_word' id='word_1_38' title='bbox 1916 1082 2117 1146; x_wconf 90' lang='lat' dir='ltr'>malis</span> <span class='ocrx_word' id='word_1_39' title='bbox 2148 1092 2351 1162; x_wconf 88' lang='lat' dir='ltr'>sunt;</span> <span class='ocrx_word' id='word_1_40' title='bbox 2398 1085 2629 1168; x_wconf 87' lang='lat' dir='ltr'>caligo</span> <span class='ocrx_word' id='word_1_41' title='bbox 2666 1089 2849 1154; x_wconf 87' lang='lat' dir='ltr'>enim</span> 
     </span>
     <span class='ocr_line' id='line_1_7' title="bbox 599 1178 2849 1266; baseline 0.002 -22"><span class='ocrx_word' id='word_1_42' title='bbox 599 1179 1096 1262; x_wconf 81' lang='lat' dir='ltr'>correspondet</span> <span class='ocrx_word' id='word_1_43' title='bbox 1135 1178 1323 1242; x_wconf 88' lang='lat' dir='ltr'>falsis</span> <span class='ocrx_word' id='word_1_44' title='bbox 1355 1178 1538 1254; x_wconf 90' lang='lat' dir='ltr'>mali,</span> <span class='ocrx_word' id='word_1_45' title='bbox 1573 1197 1654 1241; x_wconf 88' lang='lat' dir='ltr'>ac</span> <span class='ocrx_word' id='word_1_46' title='bbox 1692 1178 1875 1259; x_wconf 88' lang='lat' dir='ltr'>ignis</span> <span class='ocrx_word' id='word_1_47' title='bbox 1905 1179 2071 1260; x_wconf 88' lang='lat' dir='ltr'>ipsis</span> <span class='ocrx_word' id='word_1_48' title='bbox 2110 1178 2348 1260; x_wconf 87' lang='lat' dir='ltr'>malis;</span> <span class='ocrx_word' id='word_1_49' title='bbox 2396 1200 2553 1246; x_wconf 86' lang='lat' dir='ltr'>nam</span> <span class='ocrx_word' id='word_1_50' title='bbox 2586 1182 2655 1246; x_wconf 87' lang='lat' dir='ltr'>in</span> <span class='ocrx_word' id='word_1_51' title='bbox 2692 1204 2849 1266; x_wconf 88' lang='lat' dir='ltr'>pro·</span> 
     </span>
     <span class='ocr_line' id='line_1_8' title="bbox 597 1273 2847 1357; baseline 0.002 -19"><span class='ocrx_word' id='word_1_52' title='bbox 597 1273 1020 1338; x_wconf 84' lang='lat' dir='ltr'>fundioribus</span> <span class='ocrx_word' id='word_1_53' title='bbox 1057 1273 1334 1337; x_wconf 88' lang='lat' dir='ltr'>infernis</span> <span class='ocrx_word' id='word_1_54' title='bbox 1371 1282 1533 1336; x_wconf 86' lang='lat' dir='ltr'>sunt</span> <span class='ocrx_word' id='word_1_55' title='bbox 1579 1274 1694 1357; x_wconf 90' lang='lat' dir='ltr'>qui</span> <span class='ocrx_word' id='word_1_56' title='bbox 1738 1273 2025 1336; x_wconf 86' lang='lat' dir='ltr'>interius</span> <span class='ocrx_word' id='word_1_57' title='bbox 2059 1294 2153 1337; x_wconf 87' lang='lat' dir='ltr'>ex</span> <span class='ocrx_word' id='word_1_58' title='bbox 2190 1274 2377 1338; x_wconf 87' lang='lat' dir='ltr'>malo</span> <span class='ocrx_word' id='word_1_59' title='bbox 2420 1286 2740 1357; x_wconf 85' lang='lat' dir='ltr'>egerunt,</span> <span class='ocrx_word' id='word_1_60' title='bbox 2778 1280 2847 1342; x_wconf 88' lang='lat' dir='ltr'>in</span> 
     </span>
     <span class='ocr_line' id='line_1_9' title="bbox 601 1369 2849 1452; baseline 0.002 -20"><span class='ocrx_word' id='word_1_61' title='bbox 601 1371 823 1435; x_wconf 88' lang='lat' dir='ltr'>minus</span> <span class='ocrx_word' id='word_1_62' title='bbox 869 1369 1220 1452; x_wconf 82' lang='lat' dir='ltr'>profundis</span> <span class='ocrx_word' id='word_1_63' title='bbox 1252 1377 1486 1432; x_wconf 90' lang='lat' dir='ltr'>autem</span> <span class='ocrx_word' id='word_1_64' title='bbox 1518 1376 1681 1431; x_wconf 87' lang='lat' dir='ltr'>sunt</span> <span class='ocrx_word' id='word_1_65' title='bbox 1718 1369 1832 1451; x_wconf 89' lang='lat' dir='ltr'>qui</span> <span class='ocrx_word' id='word_1_66' title='bbox 1870 1370 2197 1444; x_wconf 87' lang='lat' dir='ltr'>exterius,</span> <span class='ocrx_word' id='word_1_67' title='bbox 2230 1370 2415 1452; x_wconf 91' lang='lat' dir='ltr'>quod</span> <span class='ocrx_word' id='word_1_68' title='bbox 2447 1382 2556 1435; x_wconf 86' lang='lat' dir='ltr'>est</span> <span class='ocrx_word' id='word_1_69' title='bbox 2592 1391 2687 1436; x_wconf 90' lang='lat' dir='ltr'>ex</span> <span class='ocrx_word' id='word_1_70' title='bbox 2720 1373 2849 1438; x_wconf 86' lang='lat' dir='ltr'>sal·</span> 
     </span>
     <span class='ocr_line' id='line_1_10' title="bbox 598 1463 2849 1546; baseline 0.003 -20"><span class='ocrx_word' id='word_1_71' title='bbox 598 1465 692 1528; x_wconf 88' lang='lat' dir='ltr'>sis</span> <span class='ocrx_word' id='word_1_72' title='bbox 752 1465 936 1527; x_wconf 88' lang='lat' dir='ltr'>mali.</span> <span class='ocrx_word' id='word_1_73' title='bbox 1029 1464 1108 1528; x_wconf 89' lang='lat' dir='ltr'>In</span> <span class='ocrx_word' id='word_1_74' title='bbox 1170 1464 1576 1546; x_wconf 87' lang='lat' dir='ltr'>quibusdam</span> <span class='ocrx_word' id='word_1_75' title='bbox 1635 1463 1915 1527; x_wconf 87' lang='lat' dir='ltr'>infernis</span> <span class='ocrx_word' id='word_1_76' title='bbox 1970 1474 2310 1546; x_wconf 82' lang='lat' dir='ltr'>apparent</span> <span class='ocrx_word' id='word_1_77' title='bbox 2364 1466 2546 1531; x_wconf 87' lang='lat' dir='ltr'>sicut</span> <span class='ocrx_word' id='word_1_78' title='bbox 2606 1468 2849 1532; x_wconf 87' lang='lat' dir='ltr'>rudera</span> 
     </span>
     <span class='ocr_line' id='line_1_11' title="bbox 595 1559 2848 1642; baseline 0.002 -20"><span class='ocrx_word' id='word_1_79' title='bbox 595 1559 923 1623; x_wconf 90' lang='lat' dir='ltr'>domuum</span> <span class='ocrx_word' id='word_1_80' title='bbox 981 1579 1062 1622; x_wconf 92' lang='lat' dir='ltr'>ac</span> <span class='ocrx_word' id='word_1_81' title='bbox 1119 1559 1384 1622; x_wconf 89' lang='lat' dir='ltr'>urbium</span> <span class='ocrx_word' id='word_1_82' title='bbox 1439 1567 1602 1640; x_wconf 86' lang='lat' dir='ltr'>post</span> <span class='ocrx_word' id='word_1_83' title='bbox 1661 1559 2002 1633; x_wconf 88' lang='lat' dir='ltr'>incendia,</span> <span class='ocrx_word' id='word_1_84' title='bbox 2051 1559 2118 1621; x_wconf 89' lang='lat' dir='ltr'>in</span> <span class='ocrx_word' id='word_1_85' title='bbox 2178 1559 2421 1642; x_wconf 86' lang='lat' dir='ltr'>quibus</span> <span class='ocrx_word' id='word_1_86' title='bbox 2479 1560 2848 1626; x_wconf 82' lang='lat' dir='ltr'>infernales</span> 
     </span>
     <span class='ocr_line' id='line_1_12' title="bbox 593 1653 2843 1736; baseline 0.001 -18"><span class='ocrx_word' id='word_1_87' title='bbox 593 1655 870 1736; x_wconf 80' lang='lat' dir='ltr'>spiritus</span> <span class='ocrx_word' id='word_1_88' title='bbox 909 1653 1252 1727; x_wconf 89' lang='lat' dir='ltr'>habitant,</span> <span class='ocrx_word' id='word_1_89' title='bbox 1290 1663 1362 1716; x_wconf 91' lang='lat' dir='ltr'>et</span> <span class='ocrx_word' id='word_1_90' title='bbox 1409 1673 1484 1715; x_wconf 93' lang='lat' dir='ltr'>se</span> <span class='ocrx_word' id='word_1_91' title='bbox 1529 1653 1933 1718; x_wconf 89' lang='lat' dir='ltr'>recondunt.</span> <span class='ocrx_word' id='word_1_92' title='bbox 2026 1653 2107 1716; x_wconf 89' lang='lat' dir='ltr'>In</span> <span class='ocrx_word' id='word_1_93' title='bbox 2146 1655 2529 1720; x_wconf 89' lang='lat' dir='ltr'>mitioribus</span> <span class='ocrx_word' id='word_1_94' title='bbox 2565 1655 2843 1723; x_wconf 87' lang='lat' dir='ltr'>infernis</span> 
     </span>
     <span class='ocr_line' id='line_1_13' title="bbox 592 1748 2841 1834; baseline 0.001 -19"><span class='ocrx_word' id='word_1_95' title='bbox 592 1759 930 1834; x_wconf 84' lang='lat' dir='ltr'>apparent</span> <span class='ocrx_word' id='word_1_96' title='bbox 978 1751 1156 1813; x_wconf 89' lang='lat' dir='ltr'>sicut</span> <span class='ocrx_word' id='word_1_97' title='bbox 1200 1748 1404 1812; x_wconf 88' lang='lat' dir='ltr'>rudes</span> <span class='ocrx_word' id='word_1_98' title='bbox 1440 1767 1667 1824; x_wconf 89' lang='lat' dir='ltr'>casae,</span> <span class='ocrx_word' id='word_1_99' title='bbox 1708 1748 1957 1812; x_wconf 89' lang='lat' dir='ltr'>alicubi</span> <span class='ocrx_word' id='word_1_100' title='bbox 2004 1751 2377 1831; x_wconf 87' lang='lat' dir='ltr'>contiguae</span> <span class='ocrx_word' id='word_1_101' title='bbox 2422 1752 2493 1814; x_wconf 89' lang='lat' dir='ltr'>in</span> <span class='ocrx_word' id='word_1_102' title='bbox 2538 1753 2841 1833; x_wconf 87' lang='lat' dir='ltr'>speciem</span> 
     </span>
     <span class='ocr_line' id='line_1_14' title="bbox 593 1843 2845 1930; baseline 0.001 -21"><span class='ocrx_word' id='word_1_103' title='bbox 593 1845 802 1922; x_wconf 76' lang='lat' dir='ltr'>urbiS,</span> <span class='ocrx_word' id='word_1_104' title='bbox 844 1862 998 1908; x_wconf 89' lang='lat' dir='ltr'>cum</span> <span class='ocrx_word' id='word_1_105' title='bbox 1034 1845 1202 1907; x_wconf 84' lang='lat' dir='ltr'>vicis</span> <span class='ocrx_word' id='word_1_106' title='bbox 1239 1852 1312 1908; x_wconf 88' lang='lat' dir='ltr'>et</span> <span class='ocrx_word' id='word_1_107' title='bbox 1350 1843 1602 1926; x_wconf 84' lang='lat' dir='ltr'>plateis</span> <span class='ocrx_word' id='word_1_108' title='bbox 1633 1865 1650 1922; x_wconf 80' lang='lat'>3</span> <span class='ocrx_word' id='word_1_109' title='bbox 1697 1845 1885 1907; x_wconf 88' lang='lat' dir='ltr'>intus</span> <span class='ocrx_word' id='word_1_110' title='bbox 1919 1846 1991 1907; x_wconf 90' lang='lat' dir='ltr'>in</span> <span class='ocrx_word' id='word_1_111' title='bbox 2027 1845 2345 1908; x_wconf 80' lang='lat' dir='ltr'>domibus</span> <span class='ocrx_word' id='word_1_112' title='bbox 2382 1845 2473 1910; x_wconf 91' lang='lat' dir='ltr'>ibi</span> <span class='ocrx_word' id='word_1_113' title='bbox 2504 1857 2667 1910; x_wconf 83' lang='lat' dir='ltr'>sunt</span> <span class='ocrx_word' id='word_1_114' title='bbox 2704 1849 2845 1930; x_wconf 85' lang='lat' dir='ltr'>spi-</span> 
     </span>
     <span class='ocr_line' id='line_1_15' title="bbox 591 1938 2843 2016; baseline 0.001 -12"><span class='ocrx_word' id='word_1_115' title='bbox 591 1942 763 2005; x_wconf 89' lang='lat' dir='ltr'>ritus</span> <span class='ocrx_word' id='word_1_116' title='bbox 807 1938 1197 2014; x_wconf 89' lang='lat' dir='ltr'>infernales,</span> <span class='ocrx_word' id='word_1_117' title='bbox 1239 1940 1352 2003; x_wconf 90' lang='lat' dir='ltr'>ubi</span> <span class='ocrx_word' id='word_1_118' title='bbox 1399 1940 1769 2003; x_wconf 86' lang='lat' dir='ltr'>continuae</span> <span class='ocrx_word' id='word_1_119' title='bbox 1806 1941 2025 2015; x_wconf 84' lang='lat' dir='ltr'>rixae,</span> <span class='ocrx_word' id='word_1_120' title='bbox 2062 1940 2483 2016; x_wconf 86' lang='lat' dir='ltr'>inimicitiae,</span> <span class='ocrx_word' id='word_1_121' title='bbox 2524 1941 2843 2006; x_wconf 79' lang='lat' dir='ltr'>verbera-</span> 
     </span>
     <span class='ocr_line' id='line_1_16' title="bbox 593 2033 2845 2116; baseline 0.001 -17"><span class='ocrx_word' id='word_1_122' title='bbox 593 2037 841 2111; x_wconf 76' lang='lat' dir='ltr'>tioneS,</span> <span class='ocrx_word' id='word_1_123' title='bbox 882 2046 955 2099; x_wconf 88' lang='lat' dir='ltr'>et</span> <span class='ocrx_word' id='word_1_124' title='bbox 993 2035 1518 2112; x_wconf 85' lang='lat' dir='ltr'>dilaniationes;</span> <span class='ocrx_word' id='word_1_125' title='bbox 1565 2035 1634 2098; x_wconf 91' lang='lat' dir='ltr'>in</span> <span class='ocrx_word' id='word_1_126' title='bbox 1673 2033 1925 2116; x_wconf 85' lang='lat' dir='ltr'>plateis</span> <span class='ocrx_word' id='word_1_127' title='bbox 1970 2043 2043 2098; x_wconf 89' lang='lat' dir='ltr'>et</span> <span class='ocrx_word' id='word_1_128' title='bbox 2074 2036 2245 2098; x_wconf 84' lang='lat' dir='ltr'>vicis</span> <span class='ocrx_word' id='word_1_129' title='bbox 2280 2045 2441 2099; x_wconf 91' lang='lat' dir='ltr'>sunt</span> <span class='ocrx_word' id='word_1_130' title='bbox 2483 2035 2845 2102; x_wconf 84' lang='lat' dir='ltr'>latrocinia</span> 
     </span>
     <span class='ocr_line' id='line_1_17' title="bbox 593 2129 2839 2214; baseline -0 -18"><span class='ocrx_word' id='word_1_131' title='bbox 593 2140 667 2196; x_wconf 87' lang='lat' dir='ltr'>et</span> <span class='ocrx_word' id='word_1_132' title='bbox 714 2131 1220 2214; x_wconf 67' lang='lat' dir='ltr'>praedationes</span> <span class='ocrx_word' id='word_1_133' title='bbox 1312 2129 1390 2193; x_wconf 91' lang='lat' dir='ltr'>In</span> <span class='ocrx_word' id='word_1_134' title='bbox 1437 2129 1845 2212; x_wconf 88' lang='lat' dir='ltr'>quibusdam</span> <span class='ocrx_word' id='word_1_135' title='bbox 1891 2129 2170 2192; x_wconf 84' lang='lat' dir='ltr'>infernis</span> <span class='ocrx_word' id='word_1_136' title='bbox 2214 2141 2377 2195; x_wconf 89' lang='lat' dir='ltr'>sunt</span> <span class='ocrx_word' id='word_1_137' title='bbox 2424 2150 2615 2198; x_wconf 79' lang='lat' dir='ltr'>mera</span> <span class='ocrx_word' id='word_1_138' title='bbox 2648 2131 2839 2214; x_wconf 87' lang='lat' dir='ltr'>lupa-</span> 
     </span>
     <span class='ocr_line' id='line_1_18' title="bbox 591 2222 2839 2309; baseline 0 -18"><span class='ocrx_word' id='word_1_139' title='bbox 591 2229 801 2302; x_wconf 88' lang='lat' dir='ltr'>naria,</span> <span class='ocrx_word' id='word_1_140' title='bbox 829 2245 1003 2309; x_wconf 88' lang='lat' dir='ltr'>quae</span> <span class='ocrx_word' id='word_1_141' title='bbox 1033 2235 1220 2290; x_wconf 90' lang='lat' dir='ltr'>tetra</span> <span class='ocrx_word' id='word_1_142' title='bbox 1248 2226 1398 2288; x_wconf 88' lang='lat' dir='ltr'>visu</span> <span class='ocrx_word' id='word_1_143' title='bbox 1437 2235 1618 2299; x_wconf 86' lang='lat' dir='ltr'>sunt,</span> <span class='ocrx_word' id='word_1_144' title='bbox 1647 2222 1935 2307; x_wconf 86' lang='lat' dir='ltr'>impleta</span> <span class='ocrx_word' id='word_1_145' title='bbox 1966 2227 2190 2289; x_wconf 89' lang='lat' dir='ltr'>omnis</span> <span class='ocrx_word' id='word_1_146' title='bbox 2221 2227 2495 2307; x_wconf 85' lang='lat' dir='ltr'>generis</span> <span class='ocrx_word' id='word_1_147' title='bbox 2526 2228 2839 2292; x_wconf 85' lang='lat' dir='ltr'>sordibus</span> 
     </span>
     <span class='ocr_line' id='line_1_19' title="bbox 590 2317 2837 2404; baseline 0 -18"><span class='ocrx_word' id='word_1_148' title='bbox 590 2331 664 2387; x_wconf 85' lang='lat' dir='ltr'>et</span> <span class='ocrx_word' id='word_1_149' title='bbox 712 2322 1202 2384; x_wconf 84' lang='lat' dir='ltr'>excrementis.</span> <span class='ocrx_word' id='word_1_150' title='bbox 1291 2317 1470 2383; x_wconf 80' lang='lat' dir='ltr'>Sunt</span> <span class='ocrx_word' id='word_1_151' title='bbox 1505 2319 1720 2383; x_wconf 88' lang='lat' dir='ltr'>etiam</span> <span class='ocrx_word' id='word_1_152' title='bbox 1758 2319 1975 2384; x_wconf 86' lang='lat' dir='ltr'>silvae</span> <span class='ocrx_word' id='word_1_153' title='bbox 2010 2339 2297 2402; x_wconf 86' lang='lat' dir='ltr'>opacae,</span> <span class='ocrx_word' id='word_1_154' title='bbox 2334 2322 2405 2384; x_wconf 89' lang='lat' dir='ltr'>in</span> <span class='ocrx_word' id='word_1_155' title='bbox 2452 2322 2699 2404; x_wconf 85' lang='lat' dir='ltr'>quibus</span> <span class='ocrx_word' id='word_1_156' title='bbox 2734 2323 2837 2386; x_wconf 86' lang='lat' dir='ltr'>in-</span> 
     </span>
     <span class='ocr_line' id='line_1_20' title="bbox 589 2413 2838 2500; baseline 0.001 -20"><span class='ocrx_word' id='word_1_157' title='bbox 589 2415 895 2480; x_wconf 87' lang='lat' dir='ltr'>fernales</span> <span class='ocrx_word' id='word_1_158' title='bbox 933 2417 1209 2497; x_wconf 85' lang='lat' dir='ltr'>spiritus</span> <span class='ocrx_word' id='word_1_159' title='bbox 1255 2415 1432 2478; x_wconf 91' lang='lat' dir='ltr'>sicut</span> <span class='ocrx_word' id='word_1_160' title='bbox 1469 2413 1652 2477; x_wconf 88' lang='lat' dir='ltr'>ferae</span> <span class='ocrx_word' id='word_1_161' title='bbox 1697 2423 2079 2497; x_wconf 85' lang='lat' dir='ltr'>vagantur;</span> <span class='ocrx_word' id='word_1_162' title='bbox 2116 2435 2198 2479; x_wconf 90' lang='lat' dir='ltr'>ac</span> <span class='ocrx_word' id='word_1_163' title='bbox 2244 2416 2334 2480; x_wconf 90' lang='lat' dir='ltr'>ibi</span> <span class='ocrx_word' id='word_1_164' title='bbox 2370 2437 2641 2500; x_wconf 90' lang='lat' dir='ltr'>quoque</span> <span class='ocrx_word' id='word_1_165' title='bbox 2676 2427 2838 2482; x_wconf 81' lang='lat' dir='ltr'>sunt</span> 
     </span>
     <span class='ocr_line' id='line_1_21' title="bbox 589 2507 2837 2592; baseline 0 -17"><span class='ocrx_word' id='word_1_166' title='bbox 589 2522 791 2576; x_wconf 88' lang='lat' dir='ltr'>antra</span> <span class='ocrx_word' id='word_1_167' title='bbox 821 2513 1282 2583; x_wconf 86' lang='lat' dir='ltr'>subterranea,</span> <span class='ocrx_word' id='word_1_168' title='bbox 1317 2511 1384 2572; x_wconf 91' lang='lat' dir='ltr'>in</span> <span class='ocrx_word' id='word_1_169' title='bbox 1417 2529 1593 2591; x_wconf 88' lang='lat' dir='ltr'>quae</span> <span class='ocrx_word' id='word_1_170' title='bbox 1629 2507 1898 2590; x_wconf 86' lang='lat' dir='ltr'>fugiunt</span> <span class='ocrx_word' id='word_1_171' title='bbox 1934 2510 2047 2592; x_wconf 89' lang='lat' dir='ltr'>qui</span> <span class='ocrx_word' id='word_1_172' title='bbox 2084 2508 2511 2576; x_wconf 53' lang='lat' dir='ltr'>insectantur</span> <span class='ocrx_word' id='word_1_173' title='bbox 2543 2512 2637 2576; x_wconf 88' lang='lat' dir='ltr'>ab</span> <span class='ocrx_word' id='word_1_174' title='bbox 2660 2511 2837 2576; x_wconf 86' lang='lat' dir='ltr'>aliis.</span> 
     </span>
     <span class='ocr_line' id='line_1_22' title="bbox 587 2602 2833 2691; baseline 0 -18"><span class='ocrx_word' id='word_1_175' title='bbox 587 2605 764 2673; x_wconf 88' lang='lat' dir='ltr'>Sunt</span> <span class='ocrx_word' id='word_1_176' title='bbox 800 2602 1070 2691; x_wconf 77' lang='lat' dir='ltr'>quoque</span> <span class='ocrx_word' id='word_1_177' title='bbox 1109 2605 1406 2681; x_wconf 87' lang='lat' dir='ltr'>deserta,</span> <span class='ocrx_word' id='word_1_178' title='bbox 1443 2603 1555 2669; x_wconf 90' lang='lat' dir='ltr'>ubi</span> <span class='ocrx_word' id='word_1_179' title='bbox 1592 2603 1760 2668; x_wconf 89' lang='lat' dir='ltr'>nihil</span> <span class='ocrx_word' id='word_1_180' title='bbox 1800 2605 1926 2669; x_wconf 89' lang='lat' dir='ltr'>nisi</span> <span class='ocrx_word' id='word_1_181' title='bbox 1964 2625 2167 2687; x_wconf 88' lang='lat' dir='ltr'>quam</span> <span class='ocrx_word' id='word_1_182' title='bbox 2198 2605 2435 2673; x_wconf 91' lang='lat' dir='ltr'>sterile</span> <span class='ocrx_word' id='word_1_183' title='bbox 2472 2615 2545 2672; x_wconf 89' lang='lat' dir='ltr'>et</span> <span class='ocrx_word' id='word_1_184' title='bbox 2590 2626 2833 2673; x_wconf 87' lang='lat' dir='ltr'>areno-</span> 
     </span>
     <span class='ocr_line' id='line_1_23' title="bbox 586 2700 2834 2783; baseline 0 -17"><span class='ocrx_word' id='word_1_185' title='bbox 586 2723 760 2778; x_wconf 90' lang='lat' dir='ltr'>sum,</span> <span class='ocrx_word' id='word_1_186' title='bbox 799 2714 872 2767; x_wconf 89' lang='lat' dir='ltr'>et</span> <span class='ocrx_word' id='word_1_187' title='bbox 918 2703 1166 2767; x_wconf 86' lang='lat' dir='ltr'>alicubi</span> <span class='ocrx_word' id='word_1_188' title='bbox 1211 2702 1497 2765; x_wconf 87' lang='lat' dir='ltr'>scabrae</span> <span class='ocrx_word' id='word_1_189' title='bbox 1531 2720 1737 2782; x_wconf 88' lang='lat' dir='ltr'>rupes</span> <span class='ocrx_word' id='word_1_190' title='bbox 1782 2700 1851 2763; x_wconf 92' lang='lat' dir='ltr'>in</span> <span class='ocrx_word' id='word_1_191' title='bbox 1895 2701 2139 2783; x_wconf 90' lang='lat' dir='ltr'>quibus</span> <span class='ocrx_word' id='word_1_192' title='bbox 2184 2722 2543 2777; x_wconf 86' lang='lat' dir='ltr'>cavernae,</span> <span class='ocrx_word' id='word_1_193' title='bbox 2584 2702 2834 2768; x_wconf 87' lang='lat' dir='ltr'>alicubi</span> 
     </span>
     <span class='ocr_line' id='line_1_24' title="bbox 586 2794 2835 2877; baseline -0 -15"><span class='ocrx_word' id='word_1_194' title='bbox 586 2799 798 2863; x_wconf 88' lang='lat' dir='ltr'>etiam</span> <span class='ocrx_word' id='word_1_195' title='bbox 847 2816 1088 2861; x_wconf 86' lang='lat' dir='ltr'>casae:</span> <span class='ocrx_word' id='word_1_196' title='bbox 1152 2798 1218 2861; x_wconf 88' lang='lat' dir='ltr'>in</span> <span class='ocrx_word' id='word_1_197' title='bbox 1265 2797 1547 2861; x_wconf 87' lang='lat' dir='ltr'>deserta</span> <span class='ocrx_word' id='word_1_198' title='bbox 1590 2794 1765 2859; x_wconf 90' lang='lat' dir='ltr'>haec</span> <span class='ocrx_word' id='word_1_199' title='bbox 1813 2794 1971 2859; x_wconf 89' lang='lat' dir='ltr'>loca</span> <span class='ocrx_word' id='word_1_200' title='bbox 2013 2794 2375 2877; x_wconf 84' lang='lat' dir='ltr'>ejiciuntur</span> <span class='ocrx_word' id='word_1_201' title='bbox 2416 2818 2509 2861; x_wconf 90' lang='lat' dir='ltr'>ex</span> <span class='ocrx_word' id='word_1_202' title='bbox 2556 2798 2835 2863; x_wconf 86' lang='lat' dir='ltr'>infernis</span> 
     </span>
     <span class='ocr_line' id='line_1_25' title="bbox 585 2891 2831 2976; baseline 0.001 -21"><span class='ocrx_word' id='word_1_203' title='bbox 585 2892 698 2976; x_wconf 90' lang='lat' dir='ltr'>qui</span> <span class='ocrx_word' id='word_1_204' title='bbox 735 2901 1056 2957; x_wconf 83' lang='lat' dir='ltr'>extrema</span> <span class='ocrx_word' id='word_1_205' title='bbox 1087 2892 1270 2975; x_wconf 87' lang='lat' dir='ltr'>passi</span> <span class='ocrx_word' id='word_1_206' title='bbox 1309 2900 1492 2967; x_wconf 89' lang='lat' dir='ltr'>sunt,</span> <span class='ocrx_word' id='word_1_207' title='bbox 1526 2892 1829 2954; x_wconf 87' lang='lat' dir='ltr'>maxime</span> <span class='ocrx_word' id='word_1_208' title='bbox 1861 2891 1960 2954; x_wconf 91' lang='lat' dir='ltr'>illi</span> <span class='ocrx_word' id='word_1_209' title='bbox 1994 2892 2111 2973; x_wconf 87' lang='lat' dir='ltr'>qui</span> <span class='ocrx_word' id='word_1_210' title='bbox 2146 2892 2216 2954; x_wconf 86' lang='lat' dir='ltr'>in</span> <span class='ocrx_word' id='word_1_211' title='bbox 2255 2892 2512 2956; x_wconf 87' lang='lat' dir='ltr'>mundo</span> <span class='ocrx_word' id='word_1_212' title='bbox 2542 2892 2831 2959; x_wconf 85' lang='lat' dir='ltr'>molien-</span> 
     </span>
     <span class='ocr_line' id='line_1_26' title="bbox 585 2985 2829 3069; baseline 0.002 -20"><span class='ocrx_word' id='word_1_213' title='bbox 585 2987 691 3050; x_wconf 86' lang='lat' dir='ltr'>dis</span> <span class='ocrx_word' id='word_1_214' title='bbox 725 2996 800 3051; x_wconf 87' lang='lat' dir='ltr'>et</span> <span class='ocrx_word' id='word_1_215' title='bbox 839 2986 1314 3051; x_wconf 88' lang='lat' dir='ltr'>machinandis</span> <span class='ocrx_word' id='word_1_216' title='bbox 1345 2985 1604 3049; x_wconf 86' lang='lat' dir='ltr'>artibus</span> <span class='ocrx_word' id='word_1_217' title='bbox 1639 2994 1715 3049; x_wconf 91' lang='lat' dir='ltr'>et</span> <span class='ocrx_word' id='word_1_218' title='bbox 1753 2985 1935 3048; x_wconf 87' lang='lat' dir='ltr'>dolis</span> <span class='ocrx_word' id='word_1_219' title='bbox 1964 2987 2339 3051; x_wconf 84' lang='lat' dir='ltr'>astutiores</span> <span class='ocrx_word' id='word_1_220' title='bbox 2369 2986 2651 3069; x_wconf 88' lang='lat' dir='ltr'>reliquis</span> <span class='ocrx_word' id='word_1_221' title='bbox 2684 2988 2829 3053; x_wconf 82' lang='lat' dir='ltr'>fue·</span> 
     </span>
     <span class='ocr_line' id='line_1_27' title="bbox 583 3080 1980 3160; baseline -0.001 -14"><span class='ocrx_word' id='word_1_222' title='bbox 583 3091 789 3160; x_wconf 77' lang='lat' dir='ltr'>runt3</span> <span class='ocrx_word' id='word_1_223' title='bbox 836 3082 1151 3145; x_wconf 91' lang='lat' dir='ltr'>ultimum</span> <span class='ocrx_word' id='word_1_224' title='bbox 1189 3100 1426 3145; x_wconf 90' lang='lat' dir='ltr'>eorum</span> <span class='ocrx_word' id='word_1_225' title='bbox 1465 3090 1575 3145; x_wconf 88' lang='lat' dir='ltr'>est</span> <span class='ocrx_word' id='word_1_226' title='bbox 1612 3080 1776 3145; x_wconf 89' lang='lat' dir='ltr'>talis</span> <span class='ocrx_word' id='word_1_227' title='bbox 1814 3081 1980 3144; x_wconf 86' lang='lat' dir='ltr'>vita.</span> 
     </span>
    </p>

    <p class='ocr_par' dir='ltr' id='par_1_4' title="bbox 575 3174 2829 4689">
     <span class='ocr_line' id='line_1_28' title="bbox 708 3174 2829 3258; baseline 0.001 -18"><span class='ocrx_word' id='word_1_228' title='bbox 708 3176 904 3258; x_wconf 72' lang='grc'><strong>587.</strong></span> <span class='ocrx_word' id='word_1_229' title='bbox 965 3174 1171 3257; x_wconf 83' lang='lat' dir='ltr'>Quod</span> <span class='ocrx_word' id='word_1_230' title='bbox 1207 3178 1416 3239; x_wconf 90' lang='lat' dir='ltr'>situm</span> <span class='ocrx_word' id='word_1_231' title='bbox 1453 3174 1869 3239; x_wconf 87' lang='lat' dir='ltr'>infernorum</span> <span class='ocrx_word' id='word_1_232' title='bbox 1915 3177 1983 3238; x_wconf 88' lang='lat' dir='ltr'>in</span> <span class='ocrx_word' id='word_1_233' title='bbox 2030 3176 2257 3257; x_wconf 87' lang='lat' dir='ltr'>specie</span> <span class='ocrx_word' id='word_1_234' title='bbox 2302 3176 2585 3253; x_wconf 87' lang='lat' dir='ltr'>attinet,</span> <span class='ocrx_word' id='word_1_235' title='bbox 2624 3196 2829 3243; x_wconf 89' lang='lat' dir='ltr'>nemo</span> 
     </span>
     <span class='ocr_line' id='line_1_29' title="bbox 581 3270 2826 3355; baseline 0 -19"><span class='ocrx_word' id='word_1_236' title='bbox 581 3274 755 3336; x_wconf 88' lang='lat' dir='ltr'>scire</span> <span class='ocrx_word' id='word_1_237' title='bbox 801 3280 1058 3355; x_wconf 89' lang='lat' dir='ltr'>potest,</span> <span class='ocrx_word' id='word_1_238' title='bbox 1100 3292 1188 3335; x_wconf 89' lang='lat' dir='ltr'>ne</span> <span class='ocrx_word' id='word_1_239' title='bbox 1231 3271 1506 3354; x_wconf 90' lang='lat' dir='ltr'>quidem</span> <span class='ocrx_word' id='word_1_240' title='bbox 1539 3271 1773 3351; x_wconf 85' lang='lat' dir='ltr'>angeli</span> <span class='ocrx_word' id='word_1_241' title='bbox 1818 3272 1887 3335; x_wconf 88' lang='lat' dir='ltr'>in</span> <span class='ocrx_word' id='word_1_242' title='bbox 1934 3270 2153 3345; x_wconf 89' lang='lat' dir='ltr'>caelo,</span> <span class='ocrx_word' id='word_1_243' title='bbox 2194 3272 2317 3335; x_wconf 88' lang='lat' dir='ltr'>sed</span> <span class='ocrx_word' id='word_1_244' title='bbox 2354 3272 2543 3335; x_wconf 88' lang='lat' dir='ltr'>solus</span> <span class='ocrx_word' id='word_1_245' title='bbox 2588 3273 2826 3338; x_wconf 89' lang='lat' dir='ltr'>Domi·</span> 
     </span>
     <span class='ocr_line' id='line_1_30' title="bbox 583 3367 2825 3449; baseline 0 -17"><span class='ocrx_word' id='word_1_246' title='bbox 583 3389 752 3446; x_wconf 85' lang='lat' dir='ltr'>nus;</span> <span class='ocrx_word' id='word_1_247' title='bbox 806 3376 916 3431; x_wconf 88' lang='lat' dir='ltr'>ast</span> <span class='ocrx_word' id='word_1_248' title='bbox 954 3368 1126 3429; x_wconf 87' lang='lat' dir='ltr'>situs</span> <span class='ocrx_word' id='word_1_249' title='bbox 1163 3383 1398 3430; x_wconf 90' lang='lat' dir='ltr'>eorum</span> <span class='ocrx_word' id='word_1_250' title='bbox 1445 3367 1512 3428; x_wconf 92' lang='lat' dir='ltr'>in</span> <span class='ocrx_word' id='word_1_251' title='bbox 1560 3367 1908 3429; x_wconf 89' lang='lat' dir='ltr'>communi</span> <span class='ocrx_word' id='word_1_252' title='bbox 1944 3378 2149 3429; x_wconf 90' lang='lat' dir='ltr'>notus</span> <span class='ocrx_word' id='word_1_253' title='bbox 2194 3377 2303 3431; x_wconf 90' lang='lat' dir='ltr'>est</span> <span class='ocrx_word' id='word_1_254' title='bbox 2349 3386 2441 3431; x_wconf 89' lang='lat' dir='ltr'>ex</span> <span class='ocrx_word' id='word_1_255' title='bbox 2490 3367 2714 3449; x_wconf 85' lang='lat' dir='ltr'>plagis</span> <span class='ocrx_word' id='word_1_256' title='bbox 2756 3369 2825 3433; x_wconf 91' lang='lat' dir='ltr'>in</span> 
     </span>
     <span class='ocr_line' id='line_1_31' title="bbox 581 3460 2825 3547; baseline 0 -21"><span class='ocrx_word' id='word_1_257' title='bbox 581 3463 826 3547; x_wconf 89' lang='lat' dir='ltr'>quibus</span> <span class='ocrx_word' id='word_1_258' title='bbox 858 3471 1058 3526; x_wconf 88' lang='lat' dir='ltr'>sunt:</span> <span class='ocrx_word' id='word_1_259' title='bbox 1107 3471 1268 3525; x_wconf 88' lang='lat' dir='ltr'>sunt</span> <span class='ocrx_word' id='word_1_260' title='bbox 1305 3462 1487 3525; x_wconf 91' lang='lat' dir='ltr'>enim</span> <span class='ocrx_word' id='word_1_261' title='bbox 1525 3460 1789 3524; x_wconf 89' lang='lat' dir='ltr'>inferna</span> <span class='ocrx_word' id='word_1_262' title='bbox 1820 3462 1999 3525; x_wconf 90' lang='lat' dir='ltr'>sicut</span> <span class='ocrx_word' id='word_1_263' title='bbox 2036 3461 2209 3526; x_wconf 90' lang='lat' dir='ltr'>caeli</span> <span class='ocrx_word' id='word_1_264' title='bbox 2241 3460 2568 3527; x_wconf 60' lang='lat' dir='ltr'>distincta</span> <span class='ocrx_word' id='word_1_265' title='bbox 2598 3463 2825 3545; x_wconf 89' lang='lat' dir='ltr'>quoad</span> 
     </span>
     <span class='ocr_line' id='line_1_32' title="bbox 581 3556 2825 3642; baseline 0.001 -22"><span class='ocrx_word' id='word_1_266' title='bbox 581 3558 846 3642; x_wconf 86' lang='lat' dir='ltr'>plagas,</span> <span class='ocrx_word' id='word_1_267' title='bbox 896 3578 974 3621; x_wconf 91' lang='lat' dir='ltr'>ac</span> <span class='ocrx_word' id='word_1_268' title='bbox 1024 3556 1274 3639; x_wconf 86' lang='lat' dir='ltr'>plagae</span> <span class='ocrx_word' id='word_1_269' title='bbox 1319 3557 1384 3621; x_wconf 90' lang='lat' dir='ltr'>in</span> <span class='ocrx_word' id='word_1_270' title='bbox 1435 3558 1693 3620; x_wconf 87' lang='lat' dir='ltr'>mundo</span> <span class='ocrx_word' id='word_1_271' title='bbox 1730 3556 2066 3639; x_wconf 90' lang='lat' dir='ltr'>spirituali</span> <span class='ocrx_word' id='word_1_272' title='bbox 2110 3566 2273 3622; x_wconf 87' lang='lat' dir='ltr'>sunt</span> <span class='ocrx_word' id='word_1_273' title='bbox 2320 3558 2825 3625; x_wconf 84' lang='lat' dir='ltr'>determinatae</span> 
     </span>
     <span class='ocr_line' id='line_1_33' title="bbox 579 3652 2824 3735; baseline 0.001 -18"><span class='ocrx_word' id='word_1_274' title='bbox 579 3654 955 3718; x_wconf 89' lang='lat' dir='ltr'>secundum</span> <span class='ocrx_word' id='word_1_275' title='bbox 994 3671 1306 3731; x_wconf 88' lang='lat' dir='ltr'>amores;</span> <span class='ocrx_word' id='word_1_276' title='bbox 1358 3671 1515 3714; x_wconf 86' lang='lat' dir='ltr'>nam</span> <span class='ocrx_word' id='word_1_277' title='bbox 1562 3671 1805 3715; x_wconf 88' lang='lat' dir='ltr'>omnes</span> <span class='ocrx_word' id='word_1_278' title='bbox 1841 3652 2093 3735; x_wconf 85' lang='lat' dir='ltr'>plagae</span> <span class='ocrx_word' id='word_1_279' title='bbox 2136 3652 2207 3715; x_wconf 90' lang='lat' dir='ltr'>in</span> <span class='ocrx_word' id='word_1_280' title='bbox 2252 3653 2447 3717; x_wconf 89' lang='lat' dir='ltr'>caelo</span> <span class='ocrx_word' id='word_1_281' title='bbox 2492 3654 2824 3735; x_wconf 84' lang='lat' dir='ltr'>incipiunt</span> 
     </span>
     <span class='ocr_line' id='line_1_34' title="bbox 579 3746 2823 3831; baseline 0 -17"><span class='ocrx_word' id='word_1_282' title='bbox 579 3770 622 3814; x_wconf 88' lang='lat' dir='ltr'>a</span> <span class='ocrx_word' id='word_1_283' title='bbox 669 3750 972 3814; x_wconf 89' lang='lat' dir='ltr'>Domino</span> <span class='ocrx_word' id='word_1_284' title='bbox 1015 3758 1092 3812; x_wconf 89' lang='lat' dir='ltr'>ut</span> <span class='ocrx_word' id='word_1_285' title='bbox 1137 3748 1323 3823; x_wconf 87' lang='lat' dir='ltr'>Sole,</span> <span class='ocrx_word' id='word_1_286' title='bbox 1371 3749 1484 3831; x_wconf 91' lang='lat' dir='ltr'>qui</span> <span class='ocrx_word' id='word_1_287' title='bbox 1529 3758 1640 3811; x_wconf 87' lang='lat' dir='ltr'>est</span> <span class='ocrx_word' id='word_1_288' title='bbox 1685 3746 1983 3826; x_wconf 88' lang='lat' dir='ltr'>Oriens;</span> <span class='ocrx_word' id='word_1_289' title='bbox 2046 3756 2119 3812; x_wconf 86' lang='lat' dir='ltr'>et</span> <span class='ocrx_word' id='word_1_290' title='bbox 2164 3749 2323 3831; x_wconf 89' lang='lat' dir='ltr'>quia</span> <span class='ocrx_word' id='word_1_291' title='bbox 2359 3748 2621 3815; x_wconf 80' lang='lat' dir='ltr'>inferna</span> <span class='ocrx_word' id='word_1_292' title='bbox 2660 3761 2823 3815; x_wconf 80' lang='lat' dir='ltr'>aunt</span> 
     </span>
     <span class='ocr_line' id='line_1_35' title="bbox 579 3843 2823 3928; baseline 0 -20"><span class='ocrx_word' id='word_1_293' title='bbox 579 3845 896 3928; x_wconf 89' lang='lat' dir='ltr'>opposita</span> <span class='ocrx_word' id='word_1_294' title='bbox 928 3844 1160 3917; x_wconf 72' lang='lat' dir='ltr'>caelis»,</span> <span class='ocrx_word' id='word_1_295' title='bbox 1188 3861 1423 3907; x_wconf 87' lang='lat' dir='ltr'>eorum</span> <span class='ocrx_word' id='word_1_296' title='bbox 1451 3843 1701 3925; x_wconf 88' lang='lat' dir='ltr'>plagae</span> <span class='ocrx_word' id='word_1_297' title='bbox 1732 3844 2067 3925; x_wconf 86' lang='lat' dir='ltr'>incipiunt</span> <span class='ocrx_word' id='word_1_298' title='bbox 2099 3862 2191 3907; x_wconf 88' lang='lat' dir='ltr'>ex</span> <span class='ocrx_word' id='word_1_299' title='bbox 2224 3844 2569 3925; x_wconf 86' lang='lat' dir='ltr'>opposito,</span> <span class='ocrx_word' id='word_1_300' title='bbox 2602 3844 2705 3909; x_wconf 85' lang='lat' dir='ltr'>ita</span> <span class='ocrx_word' id='word_1_301' title='bbox 2732 3845 2823 3911; x_wconf 86' lang='lat' dir='ltr'>ab</span> 
     </span>
     <span class='ocr_line' id='line_1_36' title="bbox 577 3937 2823 4022; baseline -0.001 -17"><span class='ocrx_word' id='word_1_302' title='bbox 577 3940 962 4005; x_wconf 88' lang='lat' dir='ltr'>occidente.</span> <span class='ocrx_word' id='word_1_303' title='bbox 1059 3938 1198 4021; x_wconf 91' lang='lat' dir='ltr'>(De</span> <span class='ocrx_word' id='word_1_304' title='bbox 1235 3937 1338 4002; x_wconf 90' lang='lat' dir='ltr'>his</span> <span class='ocrx_word' id='word_1_305' title='bbox 1363 3938 1682 4003; x_wconf 85' lang='lat' dir='ltr'>videatur</span> <span class='ocrx_word' id='word_1_306' title='bbox 1711 3939 1779 4002; x_wconf 91' lang='lat' dir='ltr'>in</span> <span class='ocrx_word' id='word_1_307' title='bbox 1811 3938 2103 4001; x_wconf 89' lang='lat' dir='ltr'>articulo</span> <span class='ocrx_word' id='word_1_308' title='bbox 2134 3938 2243 4003; x_wconf 89' lang='lat' dir='ltr'>De</span> <span class='ocrx_word' id='word_1_309' title='bbox 2272 3948 2565 4021; x_wconf 89' lang='lat' dir='ltr'>quatuor</span> <span class='ocrx_word' id='word_1_310' title='bbox 2596 3939 2823 4022; x_wconf 85' lang='lat' dir='ltr'>Plagis</span> 
     </span>
     <span class='ocr_line' id='line_1_37' title="bbox 576 4033 2819 4117; baseline 0 -18"><span class='ocrx_word' id='word_1_311' title='bbox 576 4035 646 4099; x_wconf 91' lang='lat' dir='ltr'>in</span> <span class='ocrx_word' id='word_1_312' title='bbox 679 4034 914 4110; x_wconf 81' lang='lat' dir='ltr'>Caele,</span> <span class='ocrx_word' id='word_1_313' title='bbox 951 4054 1016 4097; x_wconf 91' lang='lat' dir='ltr'>n.</span> <span class='ocrx_word' id='word_1_314' title='bbox 1058 4050 1296 4114; x_wconf 83' lang='lat'>141-15</span> <span class='ocrx_word' id='word_1_315' title='bbox 1308 4033 1395 4116; x_wconf 89' lang='lat'>3.)</span> <span class='ocrx_word' id='word_1_316' title='bbox 1462 4033 1633 4098; x_wconf 90' lang='lat' dir='ltr'>Inde</span> <span class='ocrx_word' id='word_1_317' title='bbox 1658 4043 1766 4097; x_wconf 89' lang='lat' dir='ltr'>est</span> <span class='ocrx_word' id='word_1_318' title='bbox 1794 4033 1979 4115; x_wconf 90' lang='lat' dir='ltr'>quod</span> <span class='ocrx_word' id='word_1_319' title='bbox 2014 4034 2275 4097; x_wconf 88' lang='lat' dir='ltr'>inferna</span> <span class='ocrx_word' id='word_1_320' title='bbox 2302 4035 2373 4097; x_wconf 92' lang='lat' dir='ltr'>in</span> <span class='ocrx_word' id='word_1_321' title='bbox 2406 4034 2613 4117; x_wconf 87' lang='lat' dir='ltr'>plaga</span> <span class='ocrx_word' id='word_1_322' title='bbox 2638 4036 2819 4099; x_wconf 89' lang='lat' dir='ltr'>occi·</span> 
     </span>
     <span class='ocr_line' id='line_1_38' title="bbox 575 4127 2821 4211; baseline 0.001 -17"><span class='ocrx_word' id='word_1_323' title='bbox 575 4130 842 4195; x_wconf 90' lang='lat' dir='ltr'>dentali</span> <span class='ocrx_word' id='word_1_324' title='bbox 888 4130 1026 4193; x_wconf 89' lang='lat' dir='ltr'>sint</span> <span class='ocrx_word' id='word_1_325' title='bbox 1074 4130 1376 4192; x_wconf 91' lang='lat' dir='ltr'>omnium</span> <span class='ocrx_word' id='word_1_326' title='bbox 1410 4129 1709 4211; x_wconf 88' lang='lat' dir='ltr'>pessima</span> <span class='ocrx_word' id='word_1_327' title='bbox 1754 4139 1827 4192; x_wconf 87' lang='lat' dir='ltr'>et</span> <span class='ocrx_word' id='word_1_328' title='bbox 1874 4129 2177 4192; x_wconf 87' lang='lat' dir='ltr'>maxime</span> <span class='ocrx_word' id='word_1_329' title='bbox 2212 4127 2579 4204; x_wconf 89' lang='lat' dir='ltr'>horrenda,</span> <span class='ocrx_word' id='word_1_330' title='bbox 2616 4138 2692 4195; x_wconf 89' lang='lat' dir='ltr'>et</span> <span class='ocrx_word' id='word_1_331' title='bbox 2732 4150 2821 4195; x_wconf 89' lang='lat' dir='ltr'>eo</span> 
     </span>
     <span class='ocr_line' id='line_1_39' title="bbox 575 4223 2821 4309; baseline 0 -20"><span class='ocrx_word' id='word_1_332' title='bbox 575 4225 808 4309; x_wconf 90' lang='lat' dir='ltr'>pejora</span> <span class='ocrx_word' id='word_1_333' title='bbox 862 4235 936 4289; x_wconf 87' lang='lat' dir='ltr'>et</span> <span class='ocrx_word' id='word_1_334' title='bbox 990 4223 1416 4287; x_wconf 88' lang='lat' dir='ltr'>horribiliora</span> <span class='ocrx_word' id='word_1_335' title='bbox 1460 4242 1596 4306; x_wconf 90' lang='lat' dir='ltr'>quo</span> <span class='ocrx_word' id='word_1_336' title='bbox 1641 4224 2010 4288; x_wconf 86' lang='lat' dir='ltr'>remotiora</span> <span class='ocrx_word' id='word_1_337' title='bbox 2068 4223 2157 4287; x_wconf 92' lang='lat' dir='ltr'>ab</span> <span class='ocrx_word' id='word_1_338' title='bbox 2212 4225 2505 4297; x_wconf 83' lang='lat' dir='ltr'>oriente,</span> <span class='ocrx_word' id='word_1_339' title='bbox 2542 4224 2645 4289; x_wconf 86' lang='lat' dir='ltr'>ita</span> <span class='ocrx_word' id='word_1_340' title='bbox 2698 4244 2821 4305; x_wconf 84' lang='lat' dir='ltr'>per</span> 
     </span>
     <span class='ocr_line' id='line_1_40' title="bbox 576 4316 2821 4404; baseline 0 -21"><span class='ocrx_word' id='word_1_341' title='bbox 576 4320 830 4404; x_wconf 86' lang='lat' dir='ltr'>gradus</span> <span class='ocrx_word' id='word_1_342' title='bbox 867 4320 1272 4382; x_wconf 86' lang='lat' dir='ltr'>successive.</span> <span class='ocrx_word' id='word_1_343' title='bbox 1363 4316 1538 4383; x_wconf 89' lang='lat' dir='ltr'>Sunt</span> <span class='ocrx_word' id='word_1_344' title='bbox 1585 4320 1653 4381; x_wconf 91' lang='lat' dir='ltr'>in</span> <span class='ocrx_word' id='word_1_345' title='bbox 1701 4317 1835 4381; x_wconf 89' lang='lat' dir='ltr'>illis</span> <span class='ocrx_word' id='word_1_346' title='bbox 1878 4317 2155 4382; x_wconf 85' lang='lat' dir='ltr'>infernis</span> <span class='ocrx_word' id='word_1_347' title='bbox 2196 4318 2243 4380; x_wconf 91' lang='lat' dir='ltr'>ii</span> <span class='ocrx_word' id='word_1_348' title='bbox 2286 4318 2400 4401; x_wconf 88' lang='lat' dir='ltr'>qui</span> <span class='ocrx_word' id='word_1_349' title='bbox 2446 4318 2515 4383; x_wconf 89' lang='lat' dir='ltr'>in</span> <span class='ocrx_word' id='word_1_350' title='bbox 2558 4319 2821 4383; x_wconf 85' lang='lat' dir='ltr'>mundo</span> 
     </span>
     <span class='ocr_line' id='line_1_41' title="bbox 575 4413 2819 4496; baseline -0.001 -17"><span class='ocrx_word' id='word_1_351' title='bbox 575 4416 642 4479; x_wconf 89' lang='lat' dir='ltr'>in</span> <span class='ocrx_word' id='word_1_352' title='bbox 681 4434 916 4479; x_wconf 87' lang='lat' dir='ltr'>amore</span> <span class='ocrx_word' id='word_1_353' title='bbox 947 4416 1048 4477; x_wconf 91' lang='lat' dir='ltr'>sui</span> <span class='ocrx_word' id='word_1_354' title='bbox 1080 4414 1373 4489; x_wconf 84' lang='lat' dir='ltr'>fuerunt,</span> <span class='ocrx_word' id='word_1_355' title='bbox 1407 4434 1488 4478; x_wconf 86' lang='lat' dir='ltr'>ac</span> <span class='ocrx_word' id='word_1_356' title='bbox 1523 4414 1687 4477; x_wconf 88' lang='lat' dir='ltr'>inde</span> <span class='ocrx_word' id='word_1_357' title='bbox 1724 4414 1791 4476; x_wconf 90' lang='lat' dir='ltr'>in</span> <span class='ocrx_word' id='word_1_358' title='bbox 1832 4422 2241 4496; x_wconf 88' lang='lat' dir='ltr'>contemptu</span> <span class='ocrx_word' id='word_1_359' title='bbox 2268 4413 2581 4489; x_wconf 87' lang='lat' dir='ltr'>aliorum,</span> <span class='ocrx_word' id='word_1_360' title='bbox 2612 4414 2819 4495; x_wconf 90' lang='lat' dir='ltr'>inque</span> 
     </span>
     <span class='ocr_line' id='line_1_42' title="bbox 575 4508 2817 4592; baseline 0.001 -21"><span class='ocrx_word' id='word_1_361' title='bbox 575 4510 931 4575; x_wconf 87' lang='lat' dir='ltr'>inimicitia</span> <span class='ocrx_word' id='word_1_362' title='bbox 969 4520 1216 4573; x_wconf 88' lang='lat' dir='ltr'>contra</span> <span class='ocrx_word' id='word_1_363' title='bbox 1251 4509 1410 4573; x_wconf 90' lang='lat' dir='ltr'>illos</span> <span class='ocrx_word' id='word_1_364' title='bbox 1447 4511 1558 4592; x_wconf 89' lang='lat' dir='ltr'>qui</span> <span class='ocrx_word' id='word_1_365' title='bbox 1597 4509 1724 4573; x_wconf 89' lang='lat' dir='ltr'>sibi</span> <span class='ocrx_word' id='word_1_366' title='bbox 1764 4527 1901 4573; x_wconf 88' lang='lat' dir='ltr'>non</span> <span class='ocrx_word' id='word_1_367' title='bbox 1938 4508 2293 4587; x_wconf 78' lang='lat' dir='ltr'>faverunt3</span> <span class='ocrx_word' id='word_1_368' title='bbox 2346 4518 2497 4573; x_wconf 84' lang='lat' dir='ltr'>tum</span> <span class='ocrx_word' id='word_1_369' title='bbox 2542 4508 2607 4573; x_wconf 88' lang='lat' dir='ltr'>in</span> <span class='ocrx_word' id='word_1_370' title='bbox 2656 4510 2817 4573; x_wconf 88' lang='lat' dir='ltr'>odio</span> 
     </span>
     <span class='ocr_line' id='line_1_43' title="bbox 577 4602 2815 4689; baseline 0 -21"><span class='ocrx_word' id='word_1_371' title='bbox 577 4612 650 4669; x_wconf 85' lang='lat' dir='ltr'>et</span> <span class='ocrx_word' id='word_1_372' title='bbox 685 4602 991 4670; x_wconf 65' lang='lat' dir='ltr'>vindicta</span> <span class='ocrx_word' id='word_1_373' title='bbox 1020 4613 1263 4670; x_wconf 88' lang='lat' dir='ltr'>contra</span> <span class='ocrx_word' id='word_1_374' title='bbox 1292 4604 1450 4670; x_wconf 89' lang='lat' dir='ltr'>illos</span> <span class='ocrx_word' id='word_1_375' title='bbox 1485 4606 1599 4689; x_wconf 88' lang='lat' dir='ltr'>qui</span> <span class='ocrx_word' id='word_1_376' title='bbox 1637 4625 1711 4669; x_wconf 90' lang='lat' dir='ltr'>se</span> <span class='ocrx_word' id='word_1_377' title='bbox 1750 4624 1887 4669; x_wconf 90' lang='lat' dir='ltr'>non</span> <span class='ocrx_word' id='word_1_378' title='bbox 1922 4605 2237 4669; x_wconf 85' lang='lat' dir='ltr'>venerati</span> <span class='ocrx_word' id='word_1_379' title='bbox 2272 4613 2434 4669; x_wconf 87' lang='lat' dir='ltr'>sunt</span> <span class='ocrx_word' id='word_1_380' title='bbox 2470 4614 2544 4670; x_wconf 91' lang='lat' dir='ltr'>et</span> <span class='ocrx_word' id='word_1_381' title='bbox 2580 4603 2815 4669; x_wconf 86' lang='lat' dir='ltr'>colue-</span> 
     </span>
    </p>
   </div>
  </div>
 </body>
</html>
