3371 5304
567 617 689 679 126
1209 625 1310 678 DE
1355 625 1608 677 CAELO
1656 623 1753 675 ET
1800 623 2165 677 INFERNO.

559 799 812 866 diendi.
905 799 1100 864 Haec
1148 807 1309 864 sunt
1355 819 1530 884 quae
1577 797 2064 880 intelliguntur
2108 816 2231 880 per
2276 796 2555 862 Domini
2600 797 2809 862 verba

558 897 645 960 ad
686 895 1082 979 discipuloS,

659 1029 688 1051 ‘⁸
711 1027 1030 1092 Quicunque
1057 1025 1292 1076 voluerit
1318 1027 1462 1076 inter
1494 1040 1596 1076 vos
1624 1039 1858 1088 magnus
1894 1025 2025 1085 fieri,
2054 1033 2174 1074 esto
2209 1033 2394 1076 vester
2428 1025 2706 1086 minister:
2754 1034 2809 1075 et

820 1093 1124 1156 quicunque
1149 1091 1382 1142 voluerit
1405 1093 1548 1142 inter
1572 1106 1671 1142 voa
1702 1091 1909 1154 primus
1934 1105 2073 1150 esse,
2099 1091 2170 1140 sit
2196 1100 2383 1142 vester
2405 1105 2597 1141 servus
2620 1107 2633 1142 t
2671 1093 2809 1141 sieut

821 1157 990 1209 Filius
1017 1159 1258 1208 hominis
1285 1173 1398 1208 nou
1432 1158 1585 1208 venit
1617 1167 1681 1208 ut
1720 1156 1833 1208 Sibi
1868 1157 2222 1216 ministretur,
2252 1156 2353 1210 sed
2389 1167 2453 1208 ut
2492 1158 2763 1208 ministret
2778 1155 2809 1186 ''

817 1223 1035 1286 (Matth.
1059 1239 1146 1274 xx.
1175 1219 1306 1290 [26‚]
1333 1235 1411 1284 27,
1438 1224 1538 1286 28).

657 1289 812 1355 “Qui
837 1289 1107 1339 maximus
1133 1299 1216 1338 est
1241 1289 1386 1338 inter
1409 1303 1509 1339 vos
1535 1298 1656 1338 esto
1679 1289 1817 1338 sicut
1842 1287 2120 1348 minimus,
2146 1297 2201 1338 et
2228 1288 2319 1352 qui
2344 1284 2539 1338 duston·
2560 1299 2644 1338 est
2667 1289 2809 1338 sicut

821 1356 912 1420 qui
937 1355 1210 1405 ministrat
1223 1354 1252 1376 '⁹
1275 1355 1422 1416 (Luc.
1447 1355 1572 1406 xxii.
1599 1354 1700 1418 26).

679 1495 873 1561 219·
929 1477 1268 1562 Regimen
1310 1480 1529 1544 simile
1575 1479 1643 1543 in
1683 1479 1966 1543 minima
1995 1479 2216 1543 forma
2252 1488 2364 1544 est
2410 1498 2682 1562 quoque
2730 1478 2800 1542 in

555 1576 929 1660 unaquavis
954 1575 1201 1639 domo:
1249 1584 1357 1640 est
1391 1575 1482 1638 ibi
1519 1575 1724 1638 herus
1762 1584 1833 1639 et
1866 1583 2025 1638 sunt
2058 1573 2330 1653 famuli3
2377 1574 2585 1639 herus
2616 1583 2805 1638 amat

551 1670 844 1735 famulos
881 1678 951 1734 et
994 1670 1228 1734 famuli
1273 1678 1510 1734 amant
1548 1669 1812 1745 herum,
1855 1669 2036 1733 unde
2082 1691 2174 1733 ex
2220 1689 2460 1733 amore
2498 1669 2807 1732 serviunt

553 1765 681 1830 sibi
715 1774 954 1828 mutuo
981 1786 997 1844 ;
1045 1764 1249 1828 herus
1287 1765 1495 1828 docet
1528 1765 1877 1847 quomodo
1908 1765 2303 1839 vivendum,
2338 1774 2410 1829 et
2445 1763 2611 1828 dicit
2644 1763 2804 1846 quid

552 1860 981 1938 faciendum3
1043 1859 1278 1923 famuli
1325 1859 1657 1924 obediunt
1718 1869 1791 1924 et
1845 1857 2068 1923 officia
2127 1869 2488 1942 praestant
2518 1877 2532 1922 ε
2604 1876 2803 1922 usum

552 1965 908 2038 praestare
945 1963 1054 2018 est
1094 1952 1466 2037 jucundum
1503 1956 1692 2018 vitae
1730 1956 2055 2018 omnium.
2146 1954 2321 2019 Inde
2359 1963 2575 2037 patet,
2616 1953 2803 2038 quod

539 2061 839 2132 'regnum
878 2048 1156 2113 Domini
1195 2051 1285 2114 sit
1323 2069 1614 2132 regnum
1653 2069 1916 2113 usuum.

679 2159 872 2212 220.
932 2143 1106 2209 Sunt
1139 2165 1407 2229 quoque
1432 2145 1765 2228 regimina
1795 2146 1864 2209 in
1896 2145 2195 2222 inferniS,
2230 2163 2389 2208 nam
2423 2144 2549 2208 nisi
2580 2143 2806 2209 forent

553 2239 888 2322 regimina
914 2259 1052 2303 non
1080 2249 1483 2304 tenerentur
1513 2239 1580 2303 in
1613 2239 1901 2304 vinculis
1931 2261 1947 2319 ;
1996 2241 2120 2304 sed
2153 2241 2490 2323 regimina
2520 2239 2613 2304 ibi
2644 2248 2805 2303 sunt

553 2334 876 2420 opposita
921 2335 1364 2418 regiminibus
1423 2337 1491 2399 in
1546 2335 1802 2414 caelis;
1866 2345 2027 2400 sunt
2074 2338 2304 2399 omnia
2350 2335 2604 2400 amoris
2658 2336 2803 2414 sui3

553 2431 836 2514 quisque
881 2431 973 2494 ibi
1018 2429 1168 2495 vult
1214 2430 1548 2513 imperare
1587 2431 1738 2494 aliis
1784 2440 1857 2496 et
1906 2431 2452 2515 supereminere3
2515 2431 2627 2514 qui
2675 2431 2803 2494 sibi

554 2545 692 2590 non
738 2525 995 2602 favent,
1035 2525 1192 2589 illos
1237 2527 1398 2590 odio
1433 2525 1720 2601 habent,
1759 2527 1827 2590 in
1874 2526 2031 2590 illos
2068 2523 2405 2590 vindifiias
2442 2535 2799 2603 exercent,

553 2630 626 2687 et
671 2620 740 2684 in
788 2619 944 2684 illos
983 2619 1338 2699 saeviunt;
1395 2640 1553 2684 nam
1594 2621 1757 2685 talis
1801 2630 1910 2687 est
1957 2639 2153 2686 amor
2190 2621 2328 2686 sui:
2376 2631 2800 2706 quapropter

553 2716 688 2781 illis
749 2715 1236 2801 praeficiuntur
1290 2715 1753 2799 maligniote5‚
1805 2717 2048 2799 quibus
2108 2736 2201 2781 ex
2261 2718 2511 2781 timore
2562 2716 2801 2781 obedi-

554 2806 768 2875 ant.(⁸)
857 2809 994 2876 Sed
1033 2811 1122 2875 de
1157 2810 1265 2875 his
1302 2811 1494 2887 infra,
1537 2812 1649 2876 ubi
1687 2812 1775 2876 de
1812 2812 2107 2876 infernis„

1354 3018 1432 3070 (ux
1455 3028 1649 3060 atenim
1673 3020 1999 3073 caum-xnus.)

663 3121 743 3190 (ι)
855 3120 974 3175 uod
1015 3119 1140 3175 duo
1171 3119 1405 3192 imperii
1435 3136 1656 3204 genera
1685 3121 1826 3183 sint,
1858 3138 2043 3175 unum
2080 3138 2155 3177 ex
2190 3137 2396 3177 amore
2434 3138 2575 3195 erga
2604 3122 2801 3195 proxi-

558 3206 739 3253 mum,
767 3206 802 3245 a
827 3202 1021 3245 terum
1049 3206 1124 3245 ex
1149 3206 1354 3246 amore
1376 3202 1471 3246 sui
1501 3194 1581 3258 (n.
1615 3190 1829 3259 10814).

661 3260 840 3333 Quod
868 3278 942 3317 ex
974 3261 1240 3332 imperio,
1301 3263 1423 3317 uod
1451 3278 1524 3317 ex
1549 3278 1755 3317 amore
1782 3277 1923 3334 erga
1947 3263 2303 3333 proximum,
2323 3264 2528 3321 omnia
2552 3264 2713 3319 bona
2736 3273 2801 3320 et

560 3330 759 3388 felicia
784 3334 866 3402 (n.
897 3333 1085 3395 10160,
1119 3278 1331 3401 108123.

659 3400 841 3485 Quod
866 3402 923 3457 in
945 3404 1115 3458 caelo
1135 3420 1313 3458 nemo
1334 3402 1480 3458 velit
1501 3403 1794 3489 imperare
1820 3420 1894 3459 ex
1913 3419 2119 3459 amore
2146 3403 2255 3467 sui,
2277 3405 2382 3461 sed
2403 3404 2567 3476 quod
2588 3420 2799 3461 omnes

555 3474 746 3529 veiint
771 3472 1124 3535 ministrare,
1147 3485 1209 3529 et
1227 3474 1390 3545 quod
1414 3474 1530 3529 hoc
1553 3486 1633 3531 stt
1653 3474 1947 3545 imperare
1973 3490 2045 3529 ex
2072 3490 2273 3530 amore
2290 3492 2433 3547 erga
2448 3476 2800 3546 proximum.

556 3556 620 3600 et
685 3545 808 3599 uod
835 3545 974 3599 inde
1001 3544 1118 3600 illis
1142 3556 1312 3600 tanta
1337 3556 1607 3616 potestas
1633 3547 1717 3614 (n.
1748 3548 1927 3615 5732).

721 3615 843 3670 uod
871 3632 944 3670 ex
972 3615 1226 3687 imperio
1250 3616 1412 3687 quod
1439 3632 1514 3671 ex
1539 3632 1745 3671 amore
1770 3617 1861 3671 sui
1888 3616 2093 3671 omnia
2117 3617 2273 3671 mala
2300 3618 2382 3686 (n.
2414 3618 2630 3687 10038).

723 3688 843 3741 uod
867 3696 1185 3758 postquam
1203 3702 1438 3742 amores
1458 3687 1552 3742 sui
1572 3698 1635 3743 et
1659 3686 1868 3742 mundi
1888 3697 2219 3757 coeperunt
2238 3704 2503 3759 regnare.
2524 3688 2801 3744 homines

555 3772 666 3815 coa
731 3756 892 3813 isint
917 3773 981 3813 se
1007 3758 1304 3829 subjicere
1325 3758 1602 3829 imperiis,
1625 3768 1693 3813 ut
1720 3758 1835 3815 tuti
1856 3770 2062 3813 essent
2084 3762 2164 3826 (n.
2184 3758 2341 3829 7364,
2368 3759 2555 3823 10160‚
2582 3758 2798 3827 10814).
