3371 5304
1272 645 1376 698 nn
1419 645 1783 710 LOQUELA
1826 645 2331 699 ANGELORUM.
2753 689 2761 696 .
2795 649 2909 716 135

675 835 830 881 cum
865 815 934 880 in
965 815 1360 880 sinceritate
1391 824 1464 880 et
1500 816 1817 892 veritate,
1849 815 1987 882 alia
2016 837 2171 882 eum
2207 817 2275 881 in
2314 836 2545 882 amore
2583 825 2655 882 et
2691 815 2912 882 chari-

673 921 844 986 tate,
882 909 1016 975 alia
1045 929 1200 975 cum
1235 911 1306 974 in
1343 911 1494 976 zelo
1523 921 1642 975 aut
1673 912 1743 975 in
1774 912 2143 988 iracundia,
2184 912 2317 976 alia
2348 932 2501 977 cum
2534 912 2603 977 in
2634 911 2911 978 simula-

671 1007 864 1072 tione
899 1017 972 1070 et
1015 1005 1202 1082 dolo,
1243 1005 1378 1069 alia
1429 1025 1584 1070 cum
1631 1008 1701 1070 in
1746 1008 2007 1072 ambitu
2053 1007 2333 1072 honoris
2388 1020 2458 1072 et
2512 1008 2797 1091 gloriae,
2838 1018 2911 1074 et

669 1101 768 1164 sic
804 1120 1010 1183 porro
1031 1121 1048 1179 3
1096 1101 1219 1165 sed
1256 1099 1522 1164 affectio
1559 1122 1677 1164 seu
1714 1121 1907 1166 amor
1942 1103 2301 1166 dominans
2339 1113 2445 1167 est
2490 1104 2559 1166 in
2598 1105 2911 1170 omnibus

669 1194 840 1261 illis:
891 1207 1306 1279 quapropter
1337 1196 1566 1278 angeli
1603 1198 2071 1279 sapientioreS,
2107 1199 2262 1280 quia
2292 1198 2472 1262 hunc
2506 1201 2907 1282 percipiunt,

670 1293 894 1356 sciunt
931 1311 1023 1354 ex
1071 1290 1344 1374 loquela
1388 1312 1664 1376 omnem
1704 1302 1962 1356 statum
2008 1291 2307 1358 alterius,
2398 1292 2603 1374 Quod
2650 1296 2748 1358 ita
2793 1295 2904 1371 sit,

667 1406 758 1450 ex
795 1386 1014 1450 multa
1044 1388 1476 1469 experientia
1508 1386 1672 1450 mihi
1702 1389 1875 1451 scire
1907 1388 2143 1452 datum
2182 1397 2311 1451 est.
2401 1387 2656 1452 Audivi
2693 1409 2907 1472 ange-

667 1479 772 1546 los
809 1481 1225 1563 detegentes
1269 1481 1552 1545 alterius
1586 1483 1801 1545 vitam
1840 1483 2061 1547 solum
2098 1503 2188 1545 ex
2228 1482 2349 1546 illo
2385 1484 2661 1561 audito;
2710 1485 2907 1548 dixe-

663 1587 824 1642 runt
868 1579 1100 1652 etiam,
1141 1577 1324 1659 quod
1370 1578 1590 1641 sciant
1637 1579 1869 1641 omnia
1904 1578 2093 1641 vitae
2130 1578 2409 1642 alterius
2447 1599 2535 1642 ex
2575 1579 2907 1662 aliquibus

663 1673 834 1736 ideis
870 1673 1321 1754 cogitationis
1359 1672 1520 1752 ejus,
1561 1673 1721 1755 quia
1758 1674 1981 1736 sciunt
2017 1674 2177 1737 inde
2223 1694 2526 1737 amorem
2565 1674 2707 1756 ejus
2751 1696 2904 1758 reg-

663 1777 947 1830 nantem
999 1767 1107 1831 cui
1159 1767 1389 1830 omnia
1433 1768 1665 1831 insunt
1712 1768 1779 1830 in
1827 1769 2104 1846 ordine;
2162 1779 2233 1832 et
2282 1769 2465 1851 quod
2511 1767 2683 1833 liber
2716 1771 2902 1834 vitae

663 1860 960 1926 hominis
997 1881 1134 1924 non
1167 1861 1350 1924 aliud
1389 1861 1498 1924 sit.

787 1969 974 2040 23¹7.
1044 1956 1316 2039 Lingua
1372 1956 1691 2039 angelica
1748 1977 1887 2021 non
1952 1957 2206 2041 aliquid
2266 1978 2629 2025 commune
2688 1959 2902 2025 habet

663 2070 816 2117 cum
855 2051 1104 2134 linguis
1142 2051 1479 2129 humaniS‚
1521 2054 1649 2115 nisi
1688 2071 1843 2116 cum
1889 2052 2222 2136 aliquibus
2259 2054 2563 2129 vocibu3‚
2603 2075 2775 2137 quae
2812 2077 2903 2119 ex

659 2145 1016 2212 affectione
1063 2147 1358 2230 quadam
1396 2159 1690 2226 sonant;
1750 2167 1982 2211 verum
2022 2167 2158 2211 non
2205 2167 2358 2211 cum
2397 2149 2560 2229 ipsis
2596 2149 2898 2222 vocibus,

657 2243 779 2308 sed
839 2263 992 2306 cum
1045 2263 1216 2306 sono
1275 2263 1528 2318 earum,
1568 2243 1656 2306 de
1712 2263 1845 2326 qua
1896 2265 1968 2307 re
2016 2243 2269 2326 aliquid
2316 2245 2383 2306 in
2432 2246 2897 2327 sequentibus.

659 2337 866 2420 Quod
910 2338 1145 2420 lingua
1189 2337 1508 2420 angelica
1551 2358 1691 2401 non
1738 2338 1994 2421 aliquid
2040 2357 2403 2402 commune
2448 2338 2705 2403 habeat
2743 2359 2897 2404 cum

656 2433 906 2515 linguis
949 2433 1286 2509 humaniS,
1321 2443 1517 2516 patet
1555 2454 1645 2496 ex
1679 2455 1785 2508 e0,
1827 2433 2011 2517 quod
2048 2433 2317 2515 angelis
2352 2434 2775 2515 impossibile
2806 2437 2898 2500 sit

654 2529 1008 2593 enuntiare
1060 2548 1264 2592 unam
1303 2548 1554 2592 vocem·
1598 2528 1872 2610 linguae
1921 2528 2300 2592 humanae:
2363 2529 2494 2592 hoc
2546 2539 2895 2595 tentatum

653 2633 782 2699 est,
811 2624 931 2689 sed
965 2643 1104 2688 non
1130 2635 1501 2707 potuerunt
1531 2645 1547 2704 ;
1598 2644 1735 2688 non
1768 2625 1949 2688 enim
1982 2623 2163 2688 aliud
2196 2623 2549 2689 enuntiare
2582 2637 2891 2707 possunt,

652 2738 856 2802 quam
905 2720 1088 2802 quod
1139 2739 1412 2800 prorsus
1463 2721 1843 2783 concordat
1895 2717 2274 2799 affection&
2329 2722 2513 2803 quod
2552 2741 2689 2785 non
2729 2741 2894 2785 con·

651 2814 891 2879 cordat
923 2815 1054 2879 hoc
1081 2826 1420 2897 repugnat
1454 2816 1578 2896 ipsi
1612 2834 1845 2879 eorum
1869 2816 2075 2887 vitae,
2106 2834 2264 2879 nam
2296 2816 2437 2880 vita
2462 2826 2569 2880 est
2593 2814 2893 2881 affectio-

631 2908 774 2983 nis,
811 2919 885 2972 et
929 2929 1021 2973 ex
1067 2907 1184 2973 illa
1220 2920 1328 2973 est
1368 2908 1637 2992 loquela
1673 2928 1928 2974 eorum.
2020 2906 2295 2973 Dictum
2332 2919 2438 2973 est
2486 2910 2672 2985 mihi,
2712 2912 2893 2992 quod

649 3004 866 3086 prima
917 3004 1150 3086 lingua
1199 3004 1552 3067 hominum
1590 3004 1658 3066 in
1698 3014 1937 3068 nostra
1986 3003 2233 3068 tellure
2285 3006 2696 3087 congruerit,
2737 3008 2893 3087 quia

646 3098 768 3163 illa
811 3098 936 3164 fuit
973 3100 1070 3163 eis
1107 3120 1146 3164 e
1183 3100 1420 3179 caelo;
1469 3109 1541 3164 et
1581 3100 1764 3182 quod
1815 3099 2051 3182 lingua
2100 3098 2423 3163 Hebraea
2454 3101 2521 3162 in
2554 3099 2892 3183 aliquibus

651 3202 1011 3276 congruat.

775 3289 971 3372 238.
1032 3286 1212 3372 Quia
1278 3288 1555 3372 loquela
1617 3288 2027 3372 angelorum
2094 3290 2592 3371 correspondet
2654 3310 2889 3355 eorum

645 3382 989 3449 affetstioni
1020 3406 1194 3468 quae
1226 3387 1498 3462 amoriS,
1522 3394 1594 3449 et
1625 3405 1820 3450 amor
1843 3384 2015 3450 caeli
2049 3394 2157 3449 est
2188 3404 2381 3449 amor
2411 3386 2477 3448 in
2515 3384 2887 3450 Dominum

647 3489 718 3545 et
750 3499 941 3545 amor
985 3500 1153 3565 erga
1197 3482 1584 3565 proximum
1627 3479 1975 3566 (videatur
2014 3499 2239 3561 supra,
2282 3500 2345 3543 n.
2392 3480 2649 3563 13-19),
2690 3492 2885 3563 patet

643 3594 849 3659 quam
884 3574 1168 3658 elegans
1205 3585 1278 3641 et
1307 3575 1607 3659 jucunda
1643 3588 1751 3641 est
1788 3576 2062 3660 loquela
2098 3575 2409 3653 illorum;
2456 3574 2666 3640 afficit
2707 3578 2887 3639 enim

643 3690 782 3735 non
833 3672 1039 3735 modo
1085 3692 1302 3747 aures,
1343 3672 1466 3735 sed
1520 3673 1731 3735 etiam
1778 3672 2101 3735 interiora
2147 3672 2399 3734 mentis
2452 3670 2722 3735 illorum
2771 3674 2885 3754 qui

642 3766 946 3832 audiunt.
1011 3766 1182 3831 Erat
1214 3767 1490 3850 quidam
1522 3768 1799 3849 spiritus
1830 3766 2035 3831 durus
2068 3766 2296 3842 corde,
2325 3786 2477 3829 cum
2510 3787 2646 3849 quo
2670 3786 2884 3849 ange·

641 3860 745 3927 lus
770 3863 1212 3946 loquebatur:
1261 3862 1378 3927 ille
1409 3884 1500 3926 ex
1532 3862 1807 3946 loquela
1831 3860 1973 3944 ejus
1999 3862 2285 3925 tandem
2308 3862 2409 3925 ita
2444 3859 2723 3926 affectus
2755 3872 2883 3935 est,

640 3967 716 4022 ut
753 3958 1093 4039 lacrymas
1129 3958 1441 4023 funderet
1466 3980 1483 4037 ;
1539 3958 1797 4034 dicens,
1840 3958 2020 4041 quod
2072 3977 2209 4021 non
2261 3958 2580 4021 resistere
2625 3968 2882 4038 posset,

636 4054 795 4137 quia
818 4063 966 4118 erat
991 4072 1184 4117 amor
1208 4053 1514 4137 loquenS,
1532 4063 1604 4118 et
1629 4054 1811 4137 quod
1839 4055 2019 4136 prius
2046 4063 2379 4135 nusquam
2404 4052 2883 4116 lacrimaverit.

763 4162 962 4230 239·
1023 4148 1154 4213 Est
1201 4170 1473 4233 quoque
1511 4147 1789 4232 loquela
1823 4148 2229 4231 angelorum
2276 4147 2483 4231 plena
2518 4148 2879 4230 sapientia,

636 4246 955 4327 quoniam
992 4264 1086 4308 ex
1123 4244 1448 4308 interiore
1480 4263 1716 4308 eorum
1748 4244 2177 4326 cogitatione
2208 4243 2545 4327 procedit,
2580 4252 2653 4306 et
2691 4242 2882 4323 cogi·

635 4339 818 4403 tatio
874 4358 1110 4403 eorum
1165 4340 1447 4403 interior
1506 4348 1614 4403 est
1674 4338 2039 4421 sapientia,
2088 4340 2268 4403 sicut
2320 4336 2590 4401 affectio
2647 4355 2879 4400 eorum

635 4434 917 4497 interior
952 4443 1060 4498 est
1105 4454 1342 4511 amor:
1390 4432 1748 4517 conjungit
1785 4454 1862 4499 se
1907 4454 2102 4498 amor
2146 4444 2218 4498 et
2266 4432 2608 4515 sapientia
2644 4451 2881 4495 eorum

631 4532 700 4595 in
733 4529 1044 4613 loquela:
1093 4530 1252 4595 inde
1284 4530 1402 4594 illa
1432 4542 1540 4595 est
1571 4540 1717 4595 tam
1748 4530 1957 4614 plena
1987 4532 2349 4613 sapientia,
2386 4540 2461 4593 ut
2492 4528 2882 4611 exprimere

633 4628 902 4708 possint
947 4646 1082 4691 una
1125 4647 1323 4706 voce,
1372 4647 1546 4712 quae
1592 4627 1804 4692 horno
1850 4647 1989 4692 non
2034 4634 2266 4710 potest
2312 4624 2501 4691 mille
2546 4621 2876 4703 vocibus;
