3371 5304
569 655 757 707 vrrA
791 656 996 722 QUAE
1029 657 1264 708 Duel‘r
1297 658 1402 708 AD
1435 658 1749 710 CAELUM
1782 659 1944 710 NON
1980 661 2534 715 DIFFICILLIMA.
2626 667 2744 732 341

493 827 622 894 alis
674 837 806 904 est,
856 845 984 892 nec
1033 837 1144 892 est
1191 825 1470 896 moralis
1515 827 1750 904 homo,
1800 849 1929 894 nec
1978 830 2199 894 civilis
2244 831 2477 896 homo.
2567 831 2749 896 Nam

493 924 778 990 tametsi
815 943 956 988 non
993 923 1274 998 occidit,
1316 940 1528 1006 usque
1559 924 1724 989 odio
1760 925 1973 990 habet
2002 945 2479 1010 quemcunque
2516 929 2631 1010 qui
2676 948 2751 992 se

493 1019 802 1100 opponit,
837 1028 910 1084 et
944 1015 1248 1084 vindicta
1283 1039 1376 1082 ex
1407 1019 1572 1084 odio
1601 1017 1850 1101 flagrat
1884 1039 1900 1098 ;
1949 1032 2367 1104 quapropter
2398 1021 2525 1085 nisi
2556 1043 2747 1086 arce-

493 1121 648 1174 rent
703 1111 898 1176 illum
959 1113 1152 1194 leges
1197 1113 1457 1188 civiles,
1505 1133 1588 1178 ac
1647 1115 1924 1178 vincula
1982 1127 2301 1192 externa,
2358 1135 2535 1199 quae
2588 1127 2751 1180 sunt

492 1206 794 1282 timores,
829 1208 1226 1286 occideret;
1271 1208 1404 1274 hoc
1439 1209 1596 1291 quia
1628 1211 1841 1292 cupit,
1868 1211 2179 1292 sequitur
2206 1211 2391 1294 quod
2426 1213 2749 1276 continue

494 1303 791 1366 occidat.
881 1301 1216 1384 Quamvis
1253 1323 1396 1368 non
1432 1303 1775 1368 adulteria
1812 1307 2215 1380 committit,
2254 1326 2469 1388 usque
2508 1319 2747 1371 tamen

494 1398 654 1477 quia
711 1398 902 1462 licita
957 1399 1199 1472 credit,
1257 1409 1596 1481 perpetuo
1651 1399 1933 1464 adulter
1984 1410 2136 1478 est;
2204 1421 2363 1464 nam
2410 1411 2749 1484 quantum

494 1503 754 1575 potest,
816 1503 890 1557 et
949 1495 1224 1577 quoties
1289 1493 1480 1568 licet,
1535 1495 1902 1560 commitit.
2012 1495 2208 1560 Idem
2268 1495 2552 1560 tametsi
2608 1513 2747 1558 non

494 1587 776 1664 furatur,
817 1610 1027 1672 usque
1067 1601 1304 1654 tamen
1344 1591 1506 1673 quia
1541 1590 1831 1654 aliorum
1869 1592 2053 1656 bona
2091 1587 2304 1675 cupit‘,
2348 1611 2427 1656 ac
2474 1593 2747 1657 fraudes

493 1695 566 1752 et
599 1686 819 1749 malas
842 1696 1032 1750 artes
1059 1707 1196 1750 non
1229 1696 1476 1751 contra
1499 1685 2107 1767 jurisprudentiam
2132 1689 2485 1764 aestimat,
2515 1689 2747 1752 animo

494 1779 712 1846 furem
779 1781 1114 1846 continuo
1179 1781 1350 1862 agit.
1439 1779 1773 1846 Similiter
1837 1783 2066 1863 quoad
2127 1793 2507 1865 praecepta
2560 1785 2747 1846 vitae

496 1875 796 1950 moralis,
845 1897 1023 1958 quae
1069 1886 1232 1940 sunt
1294 1895 1432 1940 non
1480 1875 1787 1957 proferre
1830 1875 2077 1940 falsum
2124 1877 2625 1954 testimonium,
2673 1888 2749 1940 et

495 1970 980 2052 concupiscere
1025 1971 1212 2036 bona
1256 1970 1568 2036 aliorum.
1659 1967 1853 2034 Talis
1908 1982 2016 2034 est
2078 1973 2305 2036 omnis
2364 1973 2573 2036 homo
2633 1973 2747 2054 qui

495 2075 710 2147 negat
751 2065 1096 2141 Divinum,
1129 2075 1202 2130 et
1240 2065 1346 2130 cui
1385 2086 1522 2130 non
1561 2086 1654 2128 ex
1692 2065 2027 2146 religione
2060 2066 2287 2148 aliqua
2318 2069 2747 2130 conscientia

495 2170 624 2226 est.
715 2158 922 2242 Quod
969 2159 1148 2224 tales
1195 2161 1358 2234 sint,
1407 2169 1699 2242 apparet
1748 2160 2113 2225 manifeste
2158 2182 2251 2224 ex
2299 2160 2630 2224 similibus
2678 2163 2745 2224 in

495 2256 720 2320 altera
763 2257 932 2330 vita,
974 2275 1178 2338 quum
1226 2255 1478 2320 ablatis
1523 2257 1841 2320 externis
1884 2257 1953 2320 in
2000 2257 2276 2320 interna
2320 2276 2444 2320 sua
2487 2258 2745 2320 immit—

494 2360 776 2428 tuntur3
826 2359 990 2414 tunc
1028 2350 1183 2432 quia
1217 2351 1520 2432 separati
1557 2360 1721 2414 sunt
1760 2371 1803 2414 a
1839 2350 2059 2424 caelo,
2094 2371 2299 2414 unum
2336 2361 2555 2431 agunt
2590 2369 2748 2416 cum

496 2445 799 2522 insern03
847 2465 1056 2528 quare
1089 2445 1246 2519 illis,
1281 2446 1394 2527 qui
1427 2445 1517 2508 ibi
1551 2455 1738 2521 sunt,
1769 2447 2278 2510 consociantur.
2370 2445 2601 2509 Aliter
2634 2446 2751 2527 qui

497 2542 706 2604 corde
743 2550 1184 2621 agnoverunt
1225 2539 1572 2616 Divinum,
1613 2551 1687 2606 et
1726 2543 1795 2604 in
1832 2537 2007 2604 actis
2045 2542 2230 2604 vitae
2268 2561 2433 2604 suae
2472 2537 2746 2622 specta·

495 2646 739 2702 verunt
800 2635 888 2701 ad
951 2635 1144 2718 leges
1194 2635 1500 2711 Divinas,
1550 2645 1620 2701 et
1678 2637 2057 2701 secundum
2104 2637 2237 2699 tria
2282 2637 2501 2719 prima
2548 2656 2745 2717 prae-

496 2742 703 2815 cepta
747 2731 1068 2815 decalogi
1113 2751 1332 2813 aeque
1391 2751 1472 2795 ac
1526 2731 1903 2797 secundum
1950 2731 2213 2813 reliqua
2256 2741 2587 2812 egerunt3
2648 2728 2749 2793 illi

497 2846 652 2891 cum
683 2829 750 2891 in
783 2830 1056 2893 interna
1087 2848 1208 2891 sua
1233 2826 1488 2891 ablatis
1513 2828 1829 2891 externis
1854 2826 2343 2901 immittuntur,
2372 2827 2751 2909 sapientio-

497 2942 604 2987 res
635 2933 794 2987 sunt
827 2942 1028 3005 quam
1069 2923 1138 2985 in
1175 2922 1470 2987 mundo:
1533 2921 1697 2985 dum
1734 2922 1799 2985 in
1842 2922 2113 2987 interna
2144 2941 2267 2985 sua
2296 2922 2604 2996 veniunt,
2638 2930 2749 2989 est

496 3020 672 3082 sicut
707 3018 800 3081 ab
831 3018 1072 3081 umbra
1107 3018 1175 3081 in
1215 3016 1466 3093 lucem,
1515 3018 1606 3081 ab
1641 3016 2037 3097 ignorantia
2082 3018 2150 3082 in
2198 3017 2633 3099 sapientiam,
2674 3026 2748 3079 et

497 3134 538 3177 a
583 3114 764 3177 tristi
804 3114 951 3176 vita
1007 3114 1075 3177 in
1132 3112 1433 3185 beatam,
1475 3113 1803 3193 quoniam
1862 3112 1930 3176 in
1986 3110 2243 3175 Divino
2298 3120 2479 3185 sunt,
2520 3112 2621 3175 ita
2676 3112 2749 3175 in

497 3208 712 3272 caelo.
807 3206 1002 3271 Haec
1060 3204 1245 3271 dieta
1299 3216 1484 3281 sunt,
1525 3216 1601 3270 ut
1659 3208 1939 3281 sciatur,
1998 3204 2220 3287 qualis
2277 3226 2448 3269 unus
2507 3214 2615 3269 est
2674 3215 2748 3271 et

496 3302 718 3385 qualis
759 3304 959 3381 alter,
1001 3302 1287 3367 tametsi
1331 3302 1538 3365 ambo
1575 3301 1869 3365 similem
1906 3302 2123 3365 vitam
2168 3309 2535 3365 externam
2580 3320 2747 3381 ege-

496 3406 676 3463 runt.

623 3506 816 3576 532.
875 3489 1182 3573 Quisque
1214 3491 1390 3557 scire
1428 3500 1693 3572 potest,
1726 3491 1909 3573 quod
1942 3490 2415 3571 cogitationes
2445 3489 2750 3555 serantur

497 3598 572 3653 et
617 3588 912 3653 tendant
949 3587 1326 3651 secundum
1363 3588 1815 3661 intentioneS,
1854 3606 1977 3651 seu
2020 3585 2183 3651 illuc
2222 3606 2359 3667 quo
2395 3585 2607 3649 homo
2642 3584 2747 3647 in·

497 3686 763 3750 tendit:
827 3693 937 3747 est
981 3684 1166 3747 enim
1212 3684 1552 3763 cogitatio
1589 3683 1775 3745 visus
1812 3681 2108 3747 hominis
2148 3682 2479 3755 internus,
2512 3680 2627 3763 qui
2673 3699 2747 3747 se

497 3780 812 3846 similiter
848 3778 1062 3845 habet
1099 3780 1276 3843 sicut
1315 3777 1498 3843 visus
1534 3787 1893 3851 externus,
1933 3776 2117 3859 quod
2176 3796 2263 3839 eo
2308 3784 2621 3841 vertatur
2678 3782 2749 3839 et

495 3878 590 3940 ibi
649 3882 954 3939 moretur
997 3895 1132 3957 quo
1177 3870 1470 3937 flectitur
1527 3881 1602 3936 et
1661 3872 2063 3937 intenditur.
2155 3869 2227 3935 Si
2286 3872 2517 3953 itaque
2564 3870 2749 3961 visus

495 3973 806 4035 internus
837 3990 958 4033 seu
989 3968 1330 4051 cogitatio
1359 3968 1652 4031 vertitur
1681 3967 1770 4031 ad
1808 3966 2159 4041 mundum,
2192 3966 2389 4029 et.ibi
2422 3973 2745 4039 moratur,

496 4068 800 4148 sequitur
837 4065 1020 4148 quod
1054 4066 1398 4145 cogitatio
1425 4062 1547 4127 fiat
1579 4062 1967 4137 mundana;
2016 4062 2073 4125 si
2107 4062 2399 4125 vertitur
2434 4060 2523 4123 ad
2560 4078 2635 4121 se
2672 4066 2749 4119 et

499 4163 602 4225 sui
659 4162 1016 4233 honorem,
1057 4160 1242 4241 quod
1301 4156 1421 4223 fiat
1477 4176 1853 4239 corporea3
1914 4156 1969 4219 si
2027 4164 2261 4221 autem
2314 4155 2403 4219 ad
2455 4152 2745 4227 caelum,

496 4256 680 4340 quod
713 4254 834 4319 fiat
869 4254 1233 4331 caelestis;
1283 4252 1570 4335 proinde
1601 4252 1658 4315 si
1696 4252 1785 4315 ad
1822 4251 2116 4325 caelum,
2156 4249 2340 4332 quod
2379 4247 2745 4324 elevetut;

499 4352 556 4415 si
593 4352 680 4414 ad
721 4360 966 4422 semet,
1007 4348 1192 4431 quod
1229 4348 1621 4413 retrahatur
1657 4367 1699 4411 a
1735 4346 1959 4421 caelu,
1998 4356 2073 4409 et
2110 4346 2561 4426 immergatur
2592 4360 2745 4405 cor·

499 4468 750 4531 poreo;
797 4455 872 4511 et
909 4446 966 4509 si
1008 4444 1100 4508 ad
1135 4444 1486 4517 mundum,
1527 4443 1710 4525 quod
1748 4441 1959 4507 etiam
1991 4437 2395 4503 deflectatur
2438 4458 2481 4503 a
2525 4435 2745 4513 caelo,

497 4555 572 4607 et
605 4541 1022 4605 diffundatur
1053 4540 1140 4602 ad
1173 4538 1292 4601 illa
1325 4558 1497 4620 quae
1529 4547 1693 4599 ante
1724 4536 1965 4599 oculos
2000 4545 2180 4598 sunt.
2270 4534 2491 4597 Amor
2522 4530 2746 4595 homi·-

483 4640 604 4725 ,nls
649 4646 772 4701 -est
832 4636 948 4717 qui
1003 4634 1170 4699 facit
1222 4634 1707 4707 intentionem,
1756 4642 1829 4695 et
1882 4630 1997 4713 qui
2048 4630 2466 4693 determinat
2525 4628 2743 4691 visum
