3371 5304
1672 563 1676 568 -
2530 539 2571 582 *a

533 629 648 694 132
1181 623 1282 674 DE
1327 623 1580 674 CAELO
1628 622 1724 673 ET
1772 619 2136 672 INFERNO.

433 827 442 842 ι
515 815 710 873 num,
752 797 908 880 quia
947 797 1404 879 unusquisque
1451 794 1609 859 talis
1656 804 1765 859 est
1811 785 2031 878 qualis
2074 792 2217 876 ejus
2262 791 2659 858 intellectus
2702 804 2773 858 et

523 895 886 972 voluntas;
928 901 998 956 et
1022 891 1414 956 intellectus
1439 903 1546 956 est
1562 893 1725 966 veri,
1749 893 1906 974 quia
1929 910 2133 955 omne
2159 889 2301 973 ejus
2325 900 2433 954 est
2458 911 2551 954 ex
2576 892 2776 962 veriS,

523 999 595 1054 et
643 988 964 1052 voluntas
1012 998 1120 1052 est
1167 988 1352 1062 boni,
1393 988 1550 1070 quia
1583 1007 1789 1052 omne
1834 987 1975 1069 ejus
2020 996 2131 1051 est
2176 1005 2267 1050 ex
2315 986 2559 1063 bonis.;
2614 1005 2773 1049 nam

520 1085 842 1168 vquicquid
865 1083 1106 1166 aliquis
1131 1083 1482 1166 intelligit,
1502 1083 1633 1147 hoc
1661 1092 1865 1146 vocat
1892 1101 2149 1157 verum,
2172 1091 2243 1145 et
2264 1083 2581 1166 quicquid
2602 1081 2773 1155 vult,

521 1179 656 1244 hoc
690 1189 893 1244 vocat
923 1179 1179 1243 bonum
1207 1201 1223 1257 ;
1269 1180 1429 1242 inde
1461 1189 1569 1242 est
1602 1178 1784 1262 quod
1818 1177 2272 1260 unusquisque
2308 1177 2399 1240 sit
2430 1197 2622 1240 suurn
2655 1198 2772 1240 ve-

521 1295 670 1338 rum
695 1285 766 1338 et
800 1294 993 1337 suum
1020 1275 1276 1338 bonum
1305 1271 1416 1336 1(ss
1419 1273 1432 1326 l
1472 1285 1802 1358 quantum
1828 1275 2059 1357 itaque
2087 1272 2371 1355 angelus
2407 1283 2515 1337 est
2538 1293 2772 1337 verum

524 1393 616 1435 ex
652 1371 902 1435 Divino
939 1391 1018 1434 ac
1053 1371 1310 1434 bonum
1349 1391 1438 1434 ex
1481 1371 1754 1444 Divino,
1790 1379 2065 1434 tantum
2104 1380 2212 1433 est
2250 1370 2585 1450 potentia,
2620 1370 2774 1451 quia

521 1476 800 1530 tantum
847 1476 955 1530 est
1003 1466 1341 1529 Dominus
1385 1465 1567 1546 apud
1605 1461 1893 1528 millum:
1960 1475 2032 1528 et
2077 1465 2237 1547 quia
2282 1463 2509 1528 nullus
2553 1472 2661 1528 est
2704 1465 2771 1528 in

521 1581 796 1643 prorsus
833 1561 1034 1624 simili
1072 1581 1192 1624 seu
1228 1560 1476 1624 eodem
1514 1560 1701 1624 bono
1736 1571 1807 1623 et
1848 1579 2011 1623 vero
2043 1579 2197 1622 cum
2230 1558 2472 1635 altero,
2508 1579 2668 1624 nam
2706 1561 2773 1623 in

521 1654 719 1720 caelo
765 1657 942 1719 sicut
991 1658 1057 1718 in
1107 1656 1364 1720 mundo
1419 1665 1751 1737 perpetua
1794 1656 2093 1719 varietas
2139 1664 2247 1719 est
2298 1653 2393 1738 (n.
2440 1655 2578 1738 20),
2617 1657 2773 1720 ideo

523 1771 694 1814 unus
741 1751 1028 1834 angelus
1076 1772 1212 1815 non
1259 1753 1328 1816 in
1366 1751 1568 1814 simili
1607 1753 1923 1833 potentia
1960 1761 2089 1826 est,
2128 1751 2197 1814 in
2237 1771 2372 1834 qua
2406 1751 2603 1815 alter.
2694 1752 2772 1815 In

521 1848 828 1911 maxima
853 1849 1169 1930 potentia
1200 1857 1382 1920 sunt,
1411 1849 1522 1930 qui
1556 1846 1837 1911 brachia
1866 1847 1935 1909 in
1971 1845 2285 1910 Maximo
2320 1845 2620 1910 Homine
2652 1867 2772 1910 seu

525 1942 722 2007 caelo
768 1944 1223 2019 constituunt,
1266 1964 1357 2006 ex
1407 1962 1611 2005 causa
1648 1942 1803 2025 quia
1842 1942 1937 2004 illi
1985 1943 2097 2024 qui
2144 1942 2237 2006 ibi
2282 1943 2348 2006 in
2390 1944 2565 2006 veris
2612 1954 2773 2006 sunt

518 2057 686 2121 prae
721 2039 1021 2121 reliquiS,
1061 2048 1130 2100 et
1169 2041 1234 2101 in
1275 2057 1436 2102 vera
1467 2037 1738 2101 illorum
1777 2036 1991 2102 influit
2030 2037 2286 2102 bonum
2326 2059 2417 2102 ex
2456 2039 2773 2103 universo

521 2133 718 2198 caelo
741 2156 758 2212 ;
798 2136 1006 2198 etiam
1034 2135 1349 2215 potentia
1375 2134 1590 2197 totius
1613 2133 1911 2197 hominis
1932 2155 2003 2196 se
2028 2133 2352 2197 transfert
2378 2135 2443 2196 in
2470 2133 2767 2209 brachia,

521 2240 594 2293 et
625 2239 853 2294 totum
889 2249 1132 2310 corpus
1165 2249 1284 2310 per
1315 2228 1433 2292 illa
1465 2239 1752 2292 exercet
1785 2249 1940 2292 suas
1972 2229 2189 2292 vires:
2237 2228 2395 2293 inde
2428 2239 2558 2305 est,
2586 2232 2769 2314 quod

523 2343 647 2406 per
695 2324 1082 2388 “brachia''
1117 2334 1192 2387 et
1240 2344 1360 2406 per
1401 2323 1747 2387 “manus’'
1786 2325 1853 2386 in
1899 2321 2138 2388 Verbo
2184 2323 2601 2406 significetur
2646 2343 2769 2407 po-

521 2417 868 2483 tentiam)
959 2421 1038 2483 In
1085 2419 1280 2484 caelo
1326 2429 1612 2501 apparet
1659 2419 2071 2503 quandoque
2115 2418 2467 2483 brachium
2514 2422 2768 2484 nudum

519 2515 703 2591 inde,
745 2516 928 2597 quod
963 2524 1162 2579 tanta
1199 2515 1514 2598 potentia
1551 2525 1680 2590 est,
1717 2525 1792 2579 ut
1830 2523 2069 2596 posset
2106 2514 2535 2597 confringere
2564 2535 2769 2580 omne

521 2610 821 2683 obvium,
862 2610 1076 2675 etiam
1115 2612 1171 2674 si
1202 2611 1378 2675 soret
1412 2630 1657 2674 saxum
1698 2610 1766 2674 in
1800 2619 2020 2690 terra;
2068 2610 2135 2673 id
2174 2611 2521 2694 quondam
2560 2612 2767 2676 etiam

522 2706 687 2770 mihi
755 2707 1112 2770 admotum
1171 2715 1340 2783 erat,
1389 2716 1461 2771 et
1532 2707 1805 2790 percepi
1865 2707 2050 2790 quod
2108 2715 2345 2790 posset
2400 2728 2558 2771 ossa
2618 2728 2771 2773 mea

511 2804 836 2867 'minutim
878 2802 1326 2866 contundere.

649 2913 836 2982 232.
897 2894 1103 2979 Quod
1144 2897 1396 2961 Divino
1433 2896 1624 2961 Vero
1662 2898 1847 2981 quod
1894 2898 2207 2980 procedit
2253 2919 2293 2961 a
2340 2898 2641 2962 Domino
2678 2900 2768 2963 sit

521 2996 742 3059 omnis
780 2994 1118 3074 potentia,
1147 3001 1218 3055 et
1252 2992 1434 3074 quod
1469 3002 1743 3056 tantum
1770 2994 2036 3075 angelis
2068 2995 2381 3075 potentia
2408 2996 2521 3070 sit,
2551 3014 2765 3076 quan·

521 3098 671 3153 tum
738 3088 1168 3169 receptiones
1233 3088 1462 3149 Divini
1533 3086 1700 3151 Veri
1759 3108 1799 3151 a
1860 3090 2159 3152 Domino
2226 3100 2406 3165 sunt,
2456 3090 2769 3152 videatur

521 3202 727 3267 supra
768 3180 862 3265 (n.
905 3181 1091 3265 137):
1141 3183 1262 3246 sed
1297 3182 1528 3265 angeli
1567 3192 1839 3247 tantum
1872 3186 2307 3266 receptiones
2342 3184 2569 3249 Divini
2600 3184 2767 3249 Veri

520 3288 702 3355 sunt,
754 3286 1087 3360 quantum
1146 3289 1306 3342 sunt
1368 3280 1803 3359 receptiones
1871 3279 2101 3344 Divini
2164 3278 2359 3355 Boni,
2409 3289 2518 3343 est
2584 3282 2765 3344 enim

520 3373 742 3437 omnis
775 3372 1090 3453 potentia
1127 3374 1305 3436 veris
1343 3394 1433 3436 ex
1471 3373 1677 3447 bono,
1714 3384 1785 3437 et
1816 3372 2003 3437 nulla
2033 3376 2209 3438 veris
2246 3375 2502 3459 absque
2540 3374 2765 3453 bono;

520 3478 592 3531 et
629 3487 900 3551 quoque
933 3477 1040 3530 est
1074 3468 1295 3531 omnis
1335 3469 1651 3549 potentia
1681 3469 1865 3532 bono
1896 3490 2016 3551 per
2047 3490 2227 3543 vera,
2264 3481 2335 3534 et
2369 3470 2551 3533 nulla
2584 3469 2769 3535 bono

519 3562 778 3645 absque
817 3562 1034 3639 veris3
1083 3582 1175 3625 ex
1213 3561 1694 3644 conjunctione
1742 3566 2090 3647 utriusque
2136 3566 2379 3630 existit
2426 3566 2765 3647 potentia.

519 3656 756 3722 Simile
795 3668 905 3723 est
952 3676 1107 3721 cum
1145 3656 1279 3721 fide
1315 3668 1389 3723 et
1435 3678 1711 3737 amore3
1762 3679 1919 3723 nam
1956 3662 2099 3723 sive
2139 3660 2328 3724 di'cas
2365 3678 2599 3725 verum
2644 3672 2764 3726 aut

1322 3894 1399 3945 (xx
1423 3904 1619 3937 Axenus
1643 3896 1972 3947 amm.)

629 3991 756 4066 (ff)
809 3992 989 4066 Quod
1017 3994 1204 4050 homo
1225 4006 1285 4050 et
1315 3996 1564 4067 angelus
1591 3997 1670 4051 sit
1696 4013 1871 4051 suum
1892 3998 2115 4052 bonum
2143 4007 2206 4053 et
2231 4014 2409 4053 suum
2434 4014 2660 4061 verum.
2684 3998 2769 4054 ita

517 4080 664 4121 mus
689 4082 860 4120 amor
883 4077 944 4121 et
969 4082 1078 4121 sua
1097 4066 1246 4121 fides
1273 4068 1353 4137 (n.
1389 4066 1573 4135 10298,
1607 4068 1822 4137 10367).

625 4135 806 4208 Quod
846 4138 926 4191 sit
962 4153 1106 4191 suus
1133 4135 1470 4192 intellectus
1498 4147 1561 4193 et
1597 4154 1709 4193 sua
1736 4139 2033 4200 voluntas,
2060 4154 2201 4193 nam
2232 4155 2414 4195 omne
2437 4140 2600 4195 vitae
2628 4140 2767 4196 inde

517 4216 628 4269 est,
648 4207 776 4261 vita
791 4208 933 4262 boni
953 4217 1047 4263 est
1062 4208 1393 4263 voluntatis
1413 4219 1472 4263 et
1493 4208 1620 4263 vita
1637 4209 1763 4263 veri
1784 4220 1877 4265 est
1904 4208 2241 4266 intellectus
2258 4212 2341 4281 (n.
2368 4210 2554 4279 10076.
2579 4224 2764 4278 10177.

517 4278 716 4346 20264,
747 4279 961 4346 10284).

629 4395 770 4522 (ᾖ)
825 4394 917 4481 pe
959 4396 1493 4483 coz-respondentia
1522 4414 1825 4461 manuum.
1852 4398 2237 4455 brachiorum
2275 4408 2339 4456 et
2376 4398 2763 4457 humemmm

519 4480 657 4521 eum
753 4482 954 4521 axnmo
985 4466 1253 4525 Homine
1277 4484 1383 4523 seu
1410 4468 1579 4523 caelo
1608 4471 1691 4537 (n.
1716 4484 1789 4539 49
1833 4471 2079 4539 1-4937).

623 4534 808 4609 Quod
828 4554 936 4608 per
954 4546 986 4567 ⁶·
1001 4538 1244 4594 brachia
1261 4539 1292 4559 ''
1306 4549 1370 4593 et
1393 4546 1424 4568 “
1439 4555 1651 4596 manus
1670 4540 1699 4559 ”
1720 4540 1777 4593 in
1853 4542 1997 4596 erbo
2013 4540 2063 4596 si
2110 4540 2389 4597 nificetur
2406 4540 2681 4615 potentia
2698 4544 2761 4613 (n

519 4606 642 4673 878·
670 4622 825 4679 ³09¹,
851 4609 1046 4679 4931ῑῖ
1070 4610 1250 4679 49321-
1277 4608 1471 4681 4932[?
1500 4612 1684 4681 4933]·
1710 4612 1869 4681 6947.
1904 4625 2068 4679 10017
2096 4612 2122 4669 ?
2154 4614 2392 4683 10019])-
