3371 5304
1134 656 1237 707 DE
1282 655 1746 709 INFANTIBUS
1792 655 1872 706 IN
1919 654 2191 707 CARI-0.
2661 659 2778 707 201

544 849 665 893 nes
703 826 1003 893 infantes
1046 828 1113 891 in
1162 826 1475 891 Maximo
1516 826 1820 891 Homine
1865 828 1978 910 qui
2023 837 2132 892 est
2179 826 2470 903 caelum,
2509 828 2579 893 in
2625 847 2782 911 pro-

545 924 767 989 vincia
826 922 1179 988 oculorum
1246 931 1447 1001 sunt3
1536 922 1606 987 in
1672 923 2027 1005 provincia
2091 920 2270 986 oculi
2336 923 2594 987 sinistri
2673 922 2786 1005 qui

544 1017 775 1082 indole
836 1016 1174 1100 spirituali
1227 1025 1407 1091 sunt,
1464 1025 1537 1081 et
1603 1018 1673 1079 in
1733 1017 2086 1098 provincia
2142 1016 2324 1081 oculi
2381 1016 2614 1081 dextri
2672 1016 2787 1100 qui

544 1112 775 1177 indole
822 1112 1155 1189 caelesti3
1218 1120 1289 1175 et
1334 1110 1467 1175 hoc
1506 1132 1597 1175 ex
1644 1131 1872 1188 causa,
1913 1114 2070 1195 quia
2116 1113 2454 1176 Dominus
2499 1123 2786 1195 apparet

544 1207 811 1289 angelis
842 1208 953 1290 qui
990 1208 1059 1269 in
1099 1226 1314 1288 regno
1345 1206 1677 1287 spirituali
1712 1216 1876 1273 sunt
1913 1217 2076 1272 ante
2108 1208 2380 1271 oculum
2413 1208 2782 1281 sinistrum,

542 1312 613 1367 et
651 1300 842 1385 [illis]
878 1303 992 1386 qui
1028 1303 1097 1365 in
1129 1320 1347 1384 regno
1380 1300 1666 1365 caelesti
1699 1312 1868 1367 ante
1903 1300 2174 1366 oculum
2205 1302 2530 1367 dextrum
2565 1301 2784 1385 (vide-

542 1406 697 1461 atur
750 1416 976 1477 supra,
1025 1417 1089 1460 n.
1146 1394 1317 1478 118).
1407 1394 1521 1459 Ex
1576 1416 1682 1472 e0,
1723 1397 1908 1479 quod
1966 1395 2262 1461 infantes
2318 1398 2387 1461 in
2438 1398 2788 1479 provincia

544 1491 892 1555 oculorum
932 1492 1070 1554 sint
1114 1492 1183 1554 in
1224 1490 1537 1553 Maximo
1576 1490 1882 1555 Homine
1919 1512 2040 1555 seu
2078 1490 2296 1567 caelo,
2337 1494 2546 1555 etiam
2585 1501 2787 1574 patet

543 1587 725 1669 quod
765 1585 1063 1649 infantes
1092 1586 1220 1648 sub
1250 1585 1655 1649 immediato
1688 1585 1966 1650 Domini
1997 1587 2142 1649 visu
2178 1596 2252 1651 et
2289 1586 2590 1669 auspicio
2627 1586 2787 1652 sint.

669 1696 871 1765 334.
934 1679 1305 1761 Quomodo
1362 1680 1665 1745 infantes
1726 1682 1795 1745 in
1857 1682 2054 1746 caelo
2115 1682 2512 1755 educantur,
2575 1682 2788 1745 etiam

545 1776 779 1858 paucis
808 1776 1096 1840 dicetur.
1174 1773 1246 1837 A
1281 1794 1403 1838 sua
1440 1775 1831 1841 educatrice
1869 1776 2147 1839 discunt
2185 1775 2389 1858 loqui.
2477 1775 2789 1857 Loquela

472 1918 483 1927 .
544 1888 780 1934 eorum
824 1870 1043 1952 prima
1086 1878 1195 1933 est
1242 1870 1451 1933 modo
1496 1890 1708 1933 sonus
1755 1868 2153 1947 affectionis,
2197 1871 2308 1953 qui
2369 1890 2488 1954 per
2531 1870 2788 1951 gradus

547 1962 931 2029 distinctior
968 1962 1069 2039 fit,
1108 1965 1286 2028 sicut
1324 1965 1519 2027 ideae
1556 1966 2004 2047 cogitationis
2043 1966 2346 2043 intrant;
2395 1984 2554 2028 nam
2593 1965 2789 2028 ideae

547 2059 991 2141 cogitationis
1014 2080 1104 2123 ex
1129 2056 1599 2123 affectionibus
1624 2062 1880 2125 sistunt
1905 2080 2184 2125 omnem
2204 2059 2548 2143 loquelam
2574 2080 2787 2141 ange-

546 2153 749 2218 licam
785 2152 902 2237 (de
933 2175 1067 2237 qua
1098 2176 1171 2219 re
1209 2155 1527 2218 videatur
1562 2155 1627 2217 in
1668 2174 1795 2219 suo
1825 2156 2138 2231 articulo,
2173 2174 2236 2218 n.
2278 2152 2626 2237 234-245).
2707 2154 2788 2218 In

547 2248 813 2313 illorum
852 2244 1268 2324 affectiones,
1309 2268 1485 2332 quae
1522 2268 1766 2313 omnes
1805 2250 2186 2332 procedunt
2233 2250 2322 2313 ab
2367 2250 2787 2324 innocentia,

548 2345 977 2409 insinuantur
1023 2344 1313 2427 primum
1362 2344 1531 2407 talia
1576 2364 1752 2427 quae
1811 2353 1978 2409 ante
2023 2343 2266 2409 oculos
2311 2353 2668 2426 apparent,
2714 2353 2789 2410 et

549 2436 989 2503 delectabilia
1034 2448 1237 2516 sunt3
1312 2458 1488 2521 quae
1542 2439 1699 2521 quia
1756 2458 1848 2503 ex
1915 2440 2174 2521 origine
2218 2436 2554 2521 spirituali
2603 2448 2787 2513 sunt,

548 2534 615 2596 in
662 2532 781 2597 illa
818 2532 1106 2596 influunt
1142 2531 1341 2595 simul
1380 2552 1553 2615 quae
1592 2531 1770 2597 caeli
1806 2542 1987 2608 sunt,
2030 2553 2148 2615 per
2184 2552 2360 2616 quae
2396 2533 2791 2613 aperiuntur

548 2628 875 2694 interiora
908 2646 1183 2706 eorum;
1223 2636 1295 2691 et
1334 2628 1429 2692 sic
1469 2627 1692 2692 indies
1723 2626 2181 2710 perficiuntur.
2283 2627 2447 2692 Post
2480 2636 2790 2692 aetatem

547 2724 725 2789 hanc
764 2725 1049 2808 primam
1088 2720 1435 2798 exactam,
1475 2723 1980 2788 transferuntur
2015 2725 2083 2788 in
2121 2723 2306 2788 aliud
2346 2724 2638 2800 caelum,
2677 2724 2792 2789 ubi

547 2819 976 2884 instruuntur
1012 2839 1055 2882 a
1090 2818 1479 2900 magistris:
1528 2827 1601 2881 et
1640 2819 1738 2881 sic
1777 2837 2002 2900 porro,

672 2927 875 2996 333·
934 2913 1375 2977 Instruuntur
1418 2912 1718 2976 infantes
1764 2913 2091 2996 imprimis
2152 2932 2272 2994 per
2315 2921 2790 2994 repraesenta-

548 3009 693 3075 tiva
722 3008 943 3090 geniis
972 3027 1207 3072 eorum
1240 3006 1669 3090 adaequata3
1719 3027 1890 3090 quae
1914 3027 2118 3090 quam
2150 3007 2456 3090 pulchra,
2489 3016 2561 3071 et
2591 3006 2794 3071 simul

548 3102 891 3184 sapientia
928 3102 1019 3167 ab
1056 3101 1363 3166 interiori
1400 3101 1605 3185 plena
1640 3111 1826 3177 sunt,
1867 3121 2202 3185 nusquam
2240 3102 2483 3184 aliquis
2515 3104 2794 3167 credere

550 3207 825 3281 potest:
887 3197 987 3261 ita
1032 3197 1165 3260 illis
1203 3196 1584 3260 insinuatur
1628 3217 1750 3278 per
1795 3196 2048 3278 gradus
2093 3195 2580 3278 intelligentia,
2619 3216 2796 3280 quae

552 3311 741 3356 suam
780 3292 1082 3356 animam
1121 3290 1336 3354 trahit
1374 3311 1416 3354 a
1461 3291 1668 3354 bono,
1760 3289 1934 3354 Bina
1971 3294 2580 3372 repraesentativa,
2619 3312 2793 3375 quae

550 3388 783 3451 videre
839 3387 1077 3450 datum
1136 3394 1270 3462 est,
1317 3386 1483 3449 licet
1536 3385 1647 3449 hic
1714 3385 1982 3460 referre,
2039 3405 2130 3448 ex
2184 3386 2426 3468 quibus
2475 3386 2796 3451 concludi

553 3491 785 3564 potest
832 3481 918 3545 ad
967 3480 1244 3564 reliqua.
1334 3480 1631 3544 Primum
1676 3480 2290 3561 repraesentabant
2338 3481 2708 3545 Dominum
2753 3501 2794 3546 e

552 3575 866 3660 sepulcro
902 3575 1421 3650 ascendentem,
1460 3583 1531 3638 et
1570 3573 1771 3637 simul
1805 3573 2106 3638 Humani
2157 3574 2376 3658 Ipsius
2415 3577 2794 3641 unitionem

553 3691 707 3736 cum
747 3670 997 3735 Divino
1020 3691 1038 3749 ;
1083 3668 1266 3753 quod
1302 3668 1514 3732 fiebat
1552 3669 1762 3732 modo
1807 3677 1954 3733 tam
1993 3671 2330 3752 sapiente,
2371 3679 2448 3734 ut
2493 3671 2791 3734 excede-

552 3775 660 3831 ret
718 3783 995 3830 omnem
1040 3763 1451 3846 sapientiam
1495 3761 1888 3838 humanam,
1940 3773 2012 3828 et
2075 3763 2274 3827 simul
2341 3765 2550 3829 modo
2595 3766 2793 3829 inno-

554 3869 757 3924 cente
802 3857 1119 3923 infantili.
1208 3855 1566 3922 Sistebant
1611 3857 1820 3921 etiam
1865 3857 2090 3922 ideam
2131 3858 2446 3940 sepulcri,
2487 3860 2610 3922 sed
2656 3880 2793 3923 non

552 3953 753 4019 simul
798 3955 1029 4018 ideam
1073 3952 1349 4016 Domini
1396 3953 1527 4016 nisi
1570 3952 1673 4016 ita
1717 3963 1982 4016 remote
2032 3960 2108 4017 ut
2167 3954 2286 4016 vix
2333 3954 2796 4036 perciperetur

554 4049 737 4133 quod
788 4048 1145 4123 DominuS,
1201 4047 1327 4111 nisi
1384 4047 1577 4132 quasi
1636 4068 1675 4112 e
1743 4047 2168 4130 longinqu03
2235 4069 2326 4112 ex
2384 4066 2592 4112 causa
2639 4049 2798 4130 quia

552 4147 748 4210 ideae
786 4143 1080 4226 sepulcri
1118 4143 1300 4208 inest
1338 4142 1591 4225 aliquid
1638 4141 1915 4218 funeris,
1957 4143 2138 4227 quod
2183 4143 2283 4207 sic
2321 4145 2795 4208 removebant.

554 4240 805 4304 Postea
864 4238 1334 4302 admittebant
1404 4237 1780 4320 prudenter
1851 4238 1917 4301 in
1991 4236 2378 4320 sepulcrum
2446 4239 2794 4321 quoddam

554 4333 1178 4415 atmosphaericum
1225 4351 1567 4415 apparens
1620 4351 1832 4414 usque
1887 4341 1962 4396 ut
2023 4341 2234 4396 tenue
2295 4351 2610 4415 aqueum,
2660 4352 2798 4416 quo

554 4429 1061 4513 significabant,
1125 4429 1337 4492 etiam
1404 4448 1526 4511 per
1596 4428 2054 4492 remotionem
2129 4429 2518 4504 decentem,
2583 4429 2798 4492 vitam

556 4523 982 4606 spiritualem
1022 4525 1089 4587 in
1124 4523 1503 4605 Baptismo.
1595 4521 1849 4586 Postea
1879 4523 2020 4587 vidi
2058 4525 2556 4606 repraesentari
2595 4523 2683 4586 ab
2719 4525 2800 4586 iis

556 4616 837 4682 Domini
884 4618 1291 4682 descensum
1338 4617 1429 4680 ad
1476 4613 1775 4694 vinctos,
1823 4626 1898 4682 et
1944 4637 2308 4682 ascensum
2355 4636 2509 4681 cum
2554 4615 2802 4682 vinciis
