3371 5304
659 613 780 678 302
1300 609 1403 662 nn
1447 609 1703 664 camo
1750 611 1849 662 ΕΤ
1894 611 2260 667 mmmm.

653 783 944 867 angelis,
984 783 1169 870 quod
1205 785 1350 850 vita
1386 785 1636 850 amoris
1673 785 2033 868 regnantis
2070 803 2403 870 nusquam
2440 786 2510 852 in
2546 798 2903 856 aeternum

655 878 840 962 apud
874 878 1084 942 ullum
1117 887 1444 955 mutetur,
1477 879 1803 962 quoniam
1835 881 2299 964 unusquisque
2326 891 2437 947 est
2474 901 2633 946 suus
2664 903 2901 963 amor3

656 993 869 1056 quare
893 974 1086 1037 illum
1111 985 1380 1039 mutare
1404 973 1584 1055 apud
1609 972 1947 1055 spiritum,
1974 983 2085 1037 est
2114 993 2271 1038 eum
2304 977 2574 1058 privare
2604 996 2729 1040 sua
2758 977 2903 1041 vita

657 1087 781 1131 seu
823 1069 1294 1150 exstinguere.
1385 1065 1684 1132 Causam
1730 1067 1943 1132 etiam
1986 1067 2355 1147 dixerunt3
2423 1069 2607 1153 quod
2653 1089 2903 1153 nempe

656 1159 869 1225 homo
905 1173 1064 1243 post
1104 1171 1401 1225 mortem
1439 1181 1577 1224 non
1625 1159 1917 1243 amplius
1962 1181 2085 1244 per
2128 1161 2653 1228 instruEtionem
2692 1163 2903 1228 resor-

657 1255 828 1320 mari
870 1265 1102 1337 queat,
1143 1258 1320 1320 sicut
1362 1255 1432 1320 in
1479 1257 1760 1331 mundo,
1817 1256 1975 1337 quia
2019 1255 2333 1321 ultimum
2380 1256 2681 1339 plenum,
2718 1258 2903 1339 quod

659 1349 978 1414 consistit
1009 1371 1100 1414 ex
1125 1351 1636 1432 cognitionibus
1665 1361 1740 1416 et
1764 1349 2237 1416 affectionibus
2260 1351 2709 1426 naturalibuS‚
2736 1361 2903 1414 tunc

658 1443 972 1525 quiescit,
1013 1453 1085 1508 et
1151 1463 1293 1509 non
1351 1455 1586 1526 potest
1645 1446 1915 1527 aperiri,
1962 1445 2123 1528 quia
2180 1464 2319 1508 non
2378 1455 2489 1509 est
2548 1445 2904 1527 spirituale

663 1535 1014 1618 (videatur
1049 1557 1276 1620 supra,
1317 1558 1382 1602 n.
1418 1537 1626 1622 464);
1688 1549 1763 1604 et
1808 1539 1996 1622 quod
2042 1559 2249 1622 super
2293 1536 2418 1603 illo
2464 1537 2677 1622 plano
2722 1539 2903 1604 inte·

659 1635 868 1710 riora,
931 1653 1110 1716 quae
1173 1634 1431 1698 mentis
1498 1655 1620 1698 seu
1688 1635 1900 1698 animi
1968 1641 2151 1712 sunt,
2214 1635 2657 1718 requiescant
2722 1633 2905 1698 sicut

659 1732 908 1796 domus
955 1749 1162 1812 super
1221 1749 1346 1794 suo
1405 1729 1901 1809 fundament03
1969 1739 2045 1795 et
2104 1731 2293 1812 quod
2346 1731 2509 1794 inde
2569 1729 2661 1794 sit
2717 1731 2905 1812 quod

657 1828 874 1891 homo
919 1825 990 1888 in
1037 1833 1393 1889 aeternum
1433 1835 1739 1902 maneat,
1781 1827 1961 1891 sicut
2006 1825 2151 1906 ejus
2194 1827 2345 1890 vita
2390 1827 2646 1890 amoris
2682 1825 2903 1892 suerat

661 1925 726 1986 in
759 1920 1040 1985 mundo.
1129 1919 1392 2003 Angeli
1424 1922 1761 1985 mirantur
1788 1921 2018 1998 valde,
2054 1920 2237 2003 quod
2269 1921 2485 1985 homo
2524 1940 2663 1985 non
2702 1921 2903 1998 sciat,

659 2017 844 2098 quod
881 2016 1165 2099 quisque
1203 2015 1365 2080 talis
1410 2017 1502 2080 sit
1549 2015 1772 2098 qualis
1808 2017 1955 2096 ejus
1998 2035 2197 2080 amor
2230 2035 2560 2098 regnans,
2600 2025 2675 2080 et
2720 2018 2905 2100 quod

660 2109 862 2174 multi
901 2111 1190 2173 credant
1225 2108 1409 2192 quod
1449 2109 1702 2173 salvari
1740 2111 2010 2192 possint
2054 2130 2147 2173 ex
2190 2109 2595 2174 immediata
2638 2111 2905 2174 miseri-

661 2205 920 2280 cordia,
963 2214 1036 2268 et
1083 2225 1175 2266 ex
1223 2203 1374 2266 sola
1417 2201 1575 2280 fide,
1618 2203 2131 2286 qualescunque
2174 2203 2401 2286 quoad
2438 2205 2655 2268 vitam
2700 2213 2905 2282 sunt;

660 2309 734 2362 et
773 2299 957 2381 quod
999 2317 1136 2360 non
1169 2298 1394 2362 sciant
1426 2296 1610 2379 quod
1649 2297 1906 2360 Divina
1938 2297 2412 2361 misericordia
2445 2299 2537 2362 sit
2574 2296 2903 2374 mediata,

661 2403 734 2456 et
771 2391 958 2474 quod
997 2393 1088 2456 sit
1127 2391 1282 2454 duci
1319 2411 1362 2454 a
1401 2389 1705 2455 Domino
1740 2401 1886 2457 tam
1926 2390 1994 2454 in
2032 2390 2293 2455 mundo
2318 2410 2522 2474 quam
2554 2400 2803 2472 postea
2836 2392 2907 2455 in

661 2496 1068 2562 aeternum;
1115 2494 1188 2548 et
1227 2485 1411 2567 quod
1449 2485 1789 2550 ducantur
1834 2504 1926 2548 ex
1966 2484 2440 2549 misericordia
2474 2484 2589 2567 qui
2628 2505 2768 2549 non
2804 2487 2905 2548 vi·
2980 2479 2987 2486 ’

660 2590 832 2644 vunt
869 2581 936 2643 in
975 2579 1202 2659 malo;
1248 2597 1376 2643 nec
1417 2579 1666 2655 sciant,
1693 2579 1878 2661 quod
1924 2577 2098 2642 fides
2134 2579 2226 2644 sit
2263 2575 2535 2644 affectio
2570 2580 2714 2643 veri
2748 2597 2907 2663 pro-

660 2675 918 2741 cedens
951 2694 1043 2738 ex
1080 2690 1314 2737 amore
1350 2673 1638 2738 caelesti
1673 2674 1789 2755 qui
1824 2692 1867 2737 a
1905 2672 2231 2738 Domino.

786 2765 985 2849 481·
1035 2765 1250 2850 [(iii.)]
1301 2765 1497 2845 Quod
1515 2765 1712 2830 homo
1746 2766 1819 2829 in
1852 2765 2103 2830 caelum
2132 2766 2379 2843 veniat,
2412 2764 2525 2831 cus·
2550 2788 2747 2831 amor
2771 2786 2908 2830 coe-

665 2862 853 2926 lestis
888 2870 953 2924 et
986 2860 1374 2941 spiritualis
1407 2868 1513 2924 est
1527 2880 1560 2935 ,⁰
1603 2878 1683 2925 ac
1714 2859 1787 2923 in
1822 2858 2160 2941 infernum
2192 2859 2305 2923 cui
2330 2880 2526 2924 amor
2554 2868 2909 2942 corporeus

663 2964 729 3018 et
770 2953 1150 3018 mundanus
1193 2952 1443 3035 absque
1482 2952 1756 3017 caelesti
1810 2962 1877 3017 et
1930 2951 2307 3035 spirituali,
2356 2961 2685 3017 constare
2738 2952 2911 3017 mihi

661 3048 890 3131 potuit
941 3067 1036 3111 ex
1097 3047 1414 3111 omnibus
1473 3066 1644 3130 quos
1688 3046 1828 3111 vidi
1886 3046 1957 3109 in
2014 3046 2283 3110 caelum
2328 3045 2667 3123 sublatos,
2707 3054 2781 3112 et
2840 3047 2909 3109 in

659 3143 994 3207 infernum
1032 3140 1404 3223 conjectos.
1495 3141 1664 3217 Illis,
1698 3142 1813 3225 qui
1848 3142 1918 3204 in
1956 3139 2225 3204 caelum
2257 3141 2512 3206 sublati
2542 3150 2726 3217 sunt,
2764 3142 2911 3205 vita

659 3238 879 3302 fuerat
915 3256 1010 3301 ex
1055 3256 1290 3301 amore
1326 3234 1612 3303 caelesti
1657 3254 1739 3299 ac
1786 3233 2165 3318 spirituali;
2211 3234 2348 3298 illis
2382 3244 2640 3309 autem,
2680 3235 2795 3319 qui
2839 3236 2908 3299 in

661 3330 994 3395 infernum
1035 3328 1326 3410 conjecti
1362 3340 1548 3405 sunt,
1585 3330 1732 3393 vita
1774 3328 1997 3393 suerat
2043 3349 2137 3392 ex
2182 3346 2417 3393 amore
2454 3348 2792 3411 corporeo
2837 3338 2912 3393 et

663 3424 1033 3489 mundano,
1125 3422 1350 3487 Amor
1393 3423 1719 3489 caelestis
1764 3432 1873 3487 est
1935 3440 2168 3487 amare
2214 3422 2495 3498 bonum,
2544 3424 2909 3497 sincerum,

663 3529 737 3584 et
767 3517 1046 3600 justum,
1081 3518 1241 3601 quia
1270 3527 1379 3582 est
1418 3517 1698 3593 bonum,
1732 3518 2095 3591 sincerum,
2128 3526 2201 3581 et
2234 3514 2514 3599 justum,
2548 3526 2621 3581 et
2658 3536 2751 3579 ex
2788 3514 2912 3579 illo

619 3606 624 3613 ’
659 3632 891 3677 amore
915 3613 1140 3676 facere
1173 3612 1332 3691 illa;
1379 3612 1537 3675 inde
1571 3611 1707 3675 illis
1738 3611 1885 3675 vita
1914 3611 2101 3687 boni,
2140 3611 2384 3675 sinceri
2417 3620 2489 3674 et
2519 3604 2707 3692 just'i,
2734 3627 2913 3692 quae

661 3716 769 3771 est
807 3708 952 3771 vita
982 3706 1325 3771 caelestis.
1418 3703 1555 3786 Qui
1587 3704 1705 3769 illa
1736 3714 1974 3769 amant
2014 3715 2299 3787 propter
2342 3702 2483 3779 illa,
2522 3721 2604 3767 ac
2648 3702 2910 3767 faciunt

660 3800 780 3865 illa
823 3822 944 3863 seu
989 3800 1226 3863 vivunt
1274 3798 1414 3874 illa,
1453 3800 1668 3863 etiam
1714 3808 1957 3863 amant
2002 3797 2375 3862 Dominum
2414 3815 2619 3879 supra
2655 3796 2909 3869 omnia,

660 3896 821 3979 quia
883 3895 972 3957 ab
1032 3892 1196 3975 Ipso
1241 3901 1448 3972 sunt;
1521 3902 1596 3957 et
1660 3912 1930 3976 quoque
1988 3894 2229 3955 amant
2287 3892 2704 3973 proximum,
2752 3890 2913 3971 quia

661 3988 783 4053 illa
825 3997 986 4051 sunt
1032 3986 1390 4071 proximus
1435 3986 1552 4070 qui
1597 3982 2021 4051 amandum«)
2114 3983 2339 4049 Amor
2382 3993 2617 4047 autem
2664 4002 2909 4065 corpo-

1441 4195 1538 4249 [(ικ
1562 4204 1759 4239 anemis
1780 4190 2125 4244 canas-nnn

773 4302 856 4373 (9)
907 4298 1090 4373 Quod
1131 4298 1432 4357 Dominus
1481 4298 1542 4353 in
1591 4312 1878 4367 supremo
1912 4310 2091 4352 sensu
2134 4295 2215 4351 sit
2260 4292 2597 4357 Proximus.
2622 4292 2769 4365 quia
2806 4290 2915 4348 Ille

664 4389 845 4445 super
873 4372 1080 4428 omnia
1108 4372 1404 4426 amandus
1431 4378 1556 4433 est;
1592 4369 1698 4423 sed
1732 4382 1932 4423 amare
1964 4366 2292 4422 Dominum
2324 4366 2489 4437 quod
2516 4364 2597 4421 sit
2624 4378 2829 4421 amare
2854 4364 2915 4419 id

663 4446 829 4517 quod
868 4445 947 4499 ab
985 4442 1126 4515 Ipso
1155 4452 1267 4507 est,
1295 4440 1439 4513 quia
1475 4440 1536 4495 in
1573 4440 1741 4495 omni
1777 4438 1941 4510 quod
1976 4438 2055 4493 ab
2094 4436 2234 4509 Ipso
2262 4447 2357 4492 est
2392 4434 2545 4509 lpse.
2574 4434 2657 4491 ita
2684 4436 2912 4491 bonum

665 4527 728 4573 et
752 4530 960 4571 verum
989 4516 1070 4583 (n.
1099 4524 1254 4582 2425,
1283 4524 1439 4582 3419,
1463 4510 1625 4579 6706.
1650 4511 1809 4578 6711,
1834 4509 1992 4579 6819,
2017 4509 2176 4577 6823.
2203 4507 2387 4577 8¹²3)-

774 4586 954 4661 Quod
977 4600 1176 4641 amare
1201 4586 1428 4639 bonum
1455 4594 1518 4639 et
1540 4598 1767 4645 verum.
1786 4596 1943 4653 quae
1966 4581 2045 4635 ab
2074 4579 2232 4651 Ipso,
2250 4578 2335 4635 sit
2352 4576 2555 4635 vivere
2578 4574 2913 4631 secundum
