3371 5304
951 626 1052 676 DE
1099 623 1510 676 SAPIENTIA
1557 620 2039 675 ANGELORUM
2084 620 2335 672 CAELI.
2664 621 2803 714 ,157

559 800 868 884 gelorum
891 797 1114 863 intimi
1139 796 1314 862 caeli
1337 796 1701 880 praecipue
1722 794 2063 860 consistat
2088 793 2159 857 in
2184 813 2290 868 eo,
2312 792 2497 876 quod
2521 792 2804 858 videant

559 896 808 961 Divina
852 904 923 959 et
985 893 1316 959 caelestia
1373 891 1442 956 in
1499 891 1788 974 singulis
1846 887 2156 972 objectis,
2204 900 2276 953 et
2338 888 2675 953 mirabilia
2735 889 2802 952 in

557 991 734 1056 serie
781 990 1115 1074 plurium3
1178 1007 1340 1052 nam
1399 987 1632 1051 omnia
1694 1004 1868 1068 quae
1922 993 2260 1069 apparent
2305 1003 2539 1049 coram
2585 983 2805 1048 oculis

556 1105 816 1160 eorum,
857 1083 1441 1167 correspondent:
1509 1090 1586 1145 ut
1631 1100 1787 1145 cum
1833 1080 2074 1145 vident
2111 1079 2372 1163 palatia
2418 1089 2489 1144 et
2536 1080 2800 1152 hortos,

559 1200 698 1244 non
743 1188 1054 1244 moratur
1097 1178 1376 1241 intuitio
1422 1195 1658 1240 eorum
1712 1177 1783 1240 in
1830 1175 2085 1240 talibus
2129 1195 2305 1258 quae
2350 1184 2517 1238 ante
2562 1173 2805 1239 oculos

557 1285 738 1352 sunt,
773 1275 854 1340 sd
893 1275 1132 1338 vident
1171 1273 1500 1338 interiora
1536 1293 1628 1336 ex
1673 1271 1939 1355 quibus,
1980 1271 2079 1335 ita
2114 1271 2356 1353 quibus
2394 1289 2801 1352 correspon-

558 1373 768 1448 dent3
829 1379 900 1434 et
961 1367 1081 1432 illa
1134 1387 1290 1432 cum
1335 1367 1524 1432 omni
1569 1369 1907 1430 varietate
1955 1366 2333 1430 secundum
2380 1361 2801 1446 objectorum

555 1465 822 1540 faciem,
871 1465 966 1527 ita
1020 1459 1219 1526 simul
1265 1459 1793 1526 innumerabilia
1844 1461 1912 1524 in
1966 1460 2207 1525 ordine
2254 1469 2327 1524 et
2382 1479 2589 1535 nexu,
2629 1479 2804 1542 quae

554 1571 717 1626 tunc
753 1562 846 1624 ita
870 1557 1252 1641 jucundant
1279 1567 1552 1622 mentes
1577 1575 1835 1632 eorum,
1864 1566 1939 1621 ut
1965 1556 2333 1621 videantur
2356 1555 2602 1618 auferri
2632 1575 2673 1618 a
2706 1575 2799 1618 se.

554 1653 758 1738 Quod
774 1655 1004 1720 omnia
1023 1673 1198 1737 quae
1221 1653 1290 1716 in
1311 1651 1522 1717 caelis
1543 1660 1907 1735 apparent,
1927 1651 2517 1735 correspondeant
2536 1649 2803 1713 Divinis

554 1772 727 1835 quae
757 1772 798 1815 a
830 1750 1132 1815 Domino
1162 1749 1343 1833 apud
1374 1748 1688 1831 angelos»,
1717 1747 2033 1812 videatur
2062 1768 2266 1830 supra
2300 1745 2397 1828 (n.
2424 1745 2765 1828 170—176).

674 1860 853 1930 271·
915 1843 1120 1927 Quod
1165 1842 1398 1926 angeli
1442 1844 1634 1908 tertii
1679 1842 1857 1908 caeli
1916 1842 2099 1908 tales
2144 1843 2300 1918 sint,
2350 1853 2457 1906 est
2518 1843 2676 1925 quia
2732 1841 2801 1904 in

557 1961 786 2006 amore
819 1943 886 2005 in
923 1940 1296 2005 Dominum
1329 1949 1512 2017 sunt,
1541 1950 1616 2004 et
1643 1939 1762 2004 ille
1794 1959 1988 2004 amor
2011 1941 2235 2022 aperit
2268 1940 2597 2004 interiora
2626 1957 2802 2021 quae

555 2038 803 2101 mentis
841 2044 998 2100 sunt
1037 2036 1125 2100 ad
1164 2037 1448 2100 tertium
1485 2035 1800 2117 gradum,
1834 2045 1907 2099 et
1946 2044 2057 2099 est
2094 2033 2609 2115 receptaculum
2648 2051 2797 2096 om-

556 2133 738 2196 nium
775 2131 1180 2214 sapientiae.
1271 2130 1482 2196 Porro
1517 2131 1875 2196 sciendum
1913 2139 2047 2206 est,
2087 2130 2271 2213 quod
2308 2129 2541 2212 angeli
2578 2129 2802 2194 intimi

553 2227 724 2291 caeli
763 2246 974 2310 usque
1011 2227 1339 2291 continue
1375 2225 1815 2309 perficiantur
1844 2226 2210 2309 sapientia,
2250 2237 2322 2290 et
2362 2223 2493 2290 hoc
2533 2245 2802 2307 quoque

552 2322 753 2387 aliter
781 2341 986 2404 quam
1012 2321 1242 2403 angeli
1267 2322 1488 2386 ultimi
1514 2322 1715 2386 caeli.
1806 2320 2065 2403 Angeli
2100 2321 2321 2385 intimi
2347 2319 2519 2384 caeli
2552 2319 2804 2385 Divina

552 2435 716 2481 vera
747 2437 884 2480 non
915 2425 1258 2499 reponunt
1297 2416 1366 2480 in
1404 2419 1757 2491 memoria,
1794 2418 1891 2480 ita
1924 2437 2050 2481 nec
2083 2417 2343 2481 faciunt
2380 2437 2472 2482 ex
2510 2415 2645 2481 illis
2676 2417 2800 2482 ali·

550 2530 754 2595 quam
784 2513 1168 2588 scientiam,
1202 2510 1323 2576 sed
1356 2513 1596 2576 statim
1629 2523 1705 2576 ut
1740 2513 2029 2577 audiunt
2062 2511 2201 2588 illa,
2237 2513 2619 2596 percipiunt
2658 2513 2799 2588 illa,

553 2617 625 2671 et
673 2607 960 2673 mittunt
1005 2608 1073 2671 in
1122 2608 1379 2687 vitam3
1441 2607 1601 2672 inde
1647 2619 1757 2673 est
1803 2609 1987 2691 quod
2028 2607 2277 2673 Divina
2322 2628 2487 2673 vera
2532 2627 2799 2693 perma-

557 2711 769 2767 neant
807 2702 988 2786 apud
1035 2702 1194 2767 illos
1229 2704 1408 2767 sicut
1443 2704 1797 2787 inscripta,
1837 2705 2021 2787 quod
2056 2706 2241 2769 enim
2280 2705 2467 2768 vitae
2515 2705 2801 2768 manda-

554 2808 686 2872 tur,
735 2798 970 2863 taliter
1013 2799 1219 2863 inest.
1307 2797 1542 2864 Aliter
1585 2819 1751 2863 vero
1798 2820 1907 2863 res
1950 2820 2026 2863 se
2070 2800 2283 2864 habet
2330 2820 2486 2864 cum
2532 2800 2801 2881 angelis

555 2892 778 2957 ultimi
815 2893 1030 2971 caeli;
1078 2893 1178 2958 illi
1215 2892 1466 2958 Divina
1501 2914 1663 2957 vera
1706 2895 1997 2977 primum
2035 2905 2378 2977 reponunt
2424 2896 2489 2959 in
2538 2914 2801 2959 memo·

555 2990 676 3063 ria,
715 3006 797 3051 ac
845 2990 1232 3053 recondunt
1277 2990 1348 3053 in
1393 2990 1703 3065 scientia,
1752 2998 1823 3053 et
1872 2991 2030 3055 inde
2078 2990 2494 3074 depromunt
2540 2990 2682 3065 illa,
2728 3001 2805 3056 et

553 3080 913 3165 perficiunt
939 3080 1372 3148 intellectum
1404 3102 1600 3149 suum
1633 3104 1755 3167 per
1785 3084 1927 3160 illa,
1962 3094 2034 3149 et
2068 3086 2329 3169 absque
2354 3087 2802 3169 perceptione

557 3180 882 3244 interiore
929 3198 1092 3243 num
1149 3199 1314 3243 vera
1365 3181 1526 3255 sint,
1574 3179 1821 3244 volunt
1872 3180 2013 3254 illa,
2064 3190 2137 3245 et
2188 3183 2377 3247 vitae
2420 3180 2799 3245 mandant:

553 3274 712 3337 inde
736 3273 874 3337 illis
899 3274 1261 3345 obscurum
1293 3283 1401 3340 est
1432 3272 1837 3358 respective.
1928 3274 2323 3340 Memoratu
2348 3277 2632 3359 dignum
2664 3286 2799 3351 est,

556 3369 740 3451 quod
775 3368 1008 3451 angeli
1040 3370 1228 3434 tertii
1265 3370 1440 3434 caeli
1479 3369 1917 3454 perficiantur
1949 3374 2289 3456 sapientia
2319 3392 2441 3456 per
2468 3373 2800 3448 auditum,

557 3484 696 3529 non
727 3472 960 3529 autem
999 3484 1120 3547 per
1150 3466 1370 3529 visum
1395 3486 1412 3543 ;
1459 3464 1580 3530 illa
1610 3486 1787 3549 quae
1816 3468 2102 3531 audiunt
2136 3488 2229 3531 ex
2260 3468 2798 3552 praedicatione,

559 3579 692 3623 non
739 3560 1004 3624 intrant
1050 3562 1120 3625 in
1165 3562 1568 3625 memoriam
1615 3581 1875 3636 eorum,
1914 3563 2039 3627 sed
2086 3564 2485 3627 immediate
2530 3563 2599 3626 in
2648 3582 2798 3644 per-

556 3655 948 3737 ceptionem
989 3664 1060 3719 et
1099 3654 1558 3731 voluntatem,
1597 3667 1671 3722 et
1710 3655 1882 3721 fiunt
1920 3658 2144 3735 vitae;
2191 3678 2368 3741 quae
2404 3666 2638 3721 autem
2675 3676 2799 3721 an-

555 3751 692 3832 geli
729 3749 826 3813 illi
859 3750 1098 3817 vident
1129 3749 1348 3815 oculis
1379 3752 1540 3826 suis,
1573 3772 1658 3816 ea
1696 3753 1961 3817 intrant
1998 3753 2067 3815 in
2106 3754 2505 3817 memoriam
2538 3771 2797 3825 eorum,

555 3857 628 3909 et
687 3847 776 3909 de
821 3845 958 3910 illis
1002 3847 1503 3911 ratiocinantur
1545 3857 1618 3911 et
1664 3846 2077 3931 loquuntur;
2139 3848 2299 3912 inde
2346 3848 2571 3929 patuit
2617 3848 2799 3929 quod

555 3940 666 4003 via
703 3941 976 4008 auditus
1009 3942 1098 4005 sit
1135 3941 1270 4005 illis
1308 3942 1420 4006 via
1451 3944 1853 4025 sapientiae.
1944 3941 2101 4007 Hoc
2132 3964 2405 4026 quoque
2440 3963 2533 4006 ex
2572 3960 2799 4007 corre·

555 4037 994 4117 spondentia,
1037 4055 1196 4100 nam
1241 4038 1422 4101 auris
1465 4038 1969 4120 correspondet
2014 4038 2474 4113 obedientiae,
2515 4047 2586 4103 et
2633 4038 2799 4103 obe-

557 4131 816 4196 dientia
861 4140 972 4195 est
1018 4134 1249 4211 vitae;
1312 4142 1387 4196 at
1439 4133 1678 4197 oculus
1726 4134 2223 4216 correspondet
2272 4133 2797 4216 intelligentiae,

555 4235 629 4290 et
667 4226 1130 4309 intelligentia
1162 4240 1272 4293 est
1309 4224 1747 4293 doctrinae&
1836 4227 2077 4294 Status
2115 4229 2356 4294 horum
2394 4229 2801 4311 angelorum

1333 4428 1412 4482 (a
1437 4438 1634 4473 uem
1657 4432 1987 4485 cam-us.)

662 4528 736 4673 g)
779 4528 872 4585 De
897 4530 1440 4615 correspondentia
1460 4534 1620 4590 auris
1643 4544 1709 4589 et
1732 4534 1977 4591 auditus
2004 4536 2087 4605 (n.
2112 4508 2481 4606 &sassffl).

723 4600 845 4655 uod
883 4616 1046 4657 auris
1081 4604 1550 4674 correspondeat
1588 4606 1961 4676 perceptioni
2000 4617 2062 4663 et
2098 4608 2497 4705 obedientiae.
2535 4619 2598 4665 et
2635 4612 2797 4681 quod
