3371 5304
733 673 1086 740 JUCUNDA
1131 675 1602 729 VERTUNTUR
1650 677 1735 728 IN
1782 677 2549 732 CORRESPONDENTIA.
2686 683 2810 751 307

562 845 799 921 tualia,
847 847 1164 912 videatur
1207 867 1434 930 supra,
1481 869 1548 914 n.
1592 863 1824 932 73-77,
1864 859 1935 916 et
1994 871 2059 915 n.
2116 851 2453 932 453-460;
2516 861 2589 918 et
2648 853 2809 935 quid

561 943 1175 1026 con-respondentia
1207 945 1658 1028 spiritualium
1691 966 1845 1010 cum
1880 946 2325 1022 naturalibuS,
2362 969 2427 1012 n.
2454 947 2758 1034 87—115.)

687 1037 896 1124 486.
955 1036 1210 1103 Omnia
1245 1038 1582 1122 jucunda,
1616 1061 1791 1124 quae
1837 1042 2121 1119 homini,
2163 1053 2324 1108 sunt
2370 1045 2621 1108 amoris
2666 1040 2809 1126 ejus

559 1135 944 1219 regnantis,
985 1153 1146 1198 nam
1200 1133 1412 1200 homo
1469 1135 1638 1202 nihil
1694 1138 1878 1202 aliud
1924 1140 2136 1204 sentit
2184 1139 2558 1221 jucundum
2605 1157 2808 1221 quam

558 1233 744 1320 quod
782 1240 996 1306 amat,
1035 1229 1136 1294 ita
1171 1231 1476 1296 maxime
1513 1232 1584 1296 id
1619 1233 1807 1316 quod
1844 1254 2047 1318 super
2084 1234 2315 1298 omnia
2348 1243 2559 1298 amat.
2649 1232 2809 1299 Sive

559 1331 750 1395 dicas
787 1343 1092 1392 amorem
1123 1336 1558 1409 regnantem,
1591 1327 1741 1392 sive
1773 1328 1840 1393 id
1878 1330 2064 1413 quod
2098 1349 2305 1412 super
2332 1330 2565 1394 omnia
2596 1339 2807 1404 amat,

557 1427 742 1491 idem
778 1433 908 1488 est.
994 1420 1309 1505 Jucunda
1335 1421 1460 1487 illa
1487 1433 1648 1488 sunt
1679 1425 1891 1500 varia,
1927 1425 2218 1490 totidem
2252 1425 2319 1488 in
2354 1443 2609 1507 genere
2638 1433 2810 1506 quot

558 1529 718 1586 sunt
755 1535 1028 1583 amores
1065 1527 1466 1600 regnantes,
1505 1519 1793 1602 proinde
1832 1529 2001 1603 quot
2039 1519 2379 1595 homines,
2420 1521 2697 1602 spiritus
2734 1529 2808 1585 et

555 1615 832 1698 angeli;
879 1633 1038 1680 nam
1078 1615 1278 1679 unius
1307 1633 1502 1680 amor
1530 1635 1835 1697 regnans
1866 1634 2005 1681 non
2044 1625 2155 1682 est
2194 1615 2587 1682 omnimode
2620 1616 2806 1680 simi-

557 1709 642 1778 lis
673 1711 976 1776 alterius.
1067 1709 1238 1774 Inde
1270 1709 1618 1793 est,·quod
1657 1729 1993 1793 nusquam
2026 1731 2299 1794 prorsus
2331 1710 2568 1775 similis
2598 1711 2807 1776 facies

555 1809 671 1873 uni
717 1807 806 1871 sit
853 1825 1028 1888 quae
1065 1804 1288 1881 alteri,
1337 1823 1496 1868 nam
1541 1805 1753 1870 facies
1798 1815 1907 1872 est
1952 1807 2189 1888 imago
2231 1804 2529 1888 cujusvis
2573 1807 2803 1880 animi,

555 1911 628 1967 et
671 1903 742 1967 in
781 1901 1042 1966 mundo
1078 1898 1410 1983 spirituali
1455 1909 1564 1964 est
1609 1901 1847 1984 imago
1882 1899 2177 1982 cujusvis
2213 1901 2467 1965 amoris
2504 1921 2804 1982 regnan-

461 2069 470 2078 ,
555 1999 669 2062 tis.
755 1995 1068 2079 Jucunda
1098 1994 1392 2076 cujusvis
1427 1995 1495 2059 in
1533 1997 1767 2079 specie
1804 1996 2015 2062 etiam
2048 2004 2209 2060 sunt
2246 1995 2555 2060 infinitae
2586 1997 2805 2060 varie-

554 2092 739 2166 tatis,
773 2109 900 2154 nec
938 2092 1144 2154 datur
1179 2109 1388 2154 unum
1425 2088 1711 2172 alicujus
1742 2089 2119 2172 jucundum
2150 2091 2549 2154 omnimode
2583 2089 2803 2155 simile

554 2195 674 2252 aut
711 2186 895 2252 idem
935 2203 1089 2249 cum
1129 2185 1376 2260 altere,
1416 2194 1562 2249 tam
1599 2205 1777 2268 quae
1814 2185 2197 2250 succedunt
2236 2205 2445 2248 unum
2492 2195 2653 2267 post
2698 2185 2801 2250 al-

555 2291 801 2358 terum,
850 2299 1056 2363 quam
1117 2299 1290 2362 quae
1335 2277 1534 2343 simul
1595 2289 1759 2344 sunt
1814 2299 2022 2344 unum
2082 2299 2237 2344 cum
2300 2279 2547 2356 altere,
2595 2300 2800 2344 unum

551 2377 735 2440 idem
775 2395 931 2440 cum
969 2374 1198 2438 altero
1243 2394 1384 2438 non
1430 2375 1655 2439 datur.
1746 2373 1883 2438 Sed
1924 2395 2138 2458 usque
2181 2373 2355 2440 haec
2388 2375 2689 2456 jucunda
2733 2376 2801 2440 in

551 2473 780 2554 specie
817 2470 997 2552 apud
1038 2469 1558 2552 unumquemvis
1597 2489 1672 2533 se
1712 2469 2017 2536 referunt
2052 2470 2140 2534 ad
2182 2489 2389 2534 unum
2426 2467 2568 2551 ejus
2606 2489 2799 2534 amo-

551 2585 717 2641 rem,
755 2566 871 2649 qui
913 2576 1022 2628 est
1061 2583 1254 2628 amor
1290 2582 1610 2646 regnanS,
1651 2561 1845 2628 illum
1880 2565 2065 2628 enim
2102 2575 2553 2648 componunt,
2592 2574 2667 2630 et
2704 2566 2799 2630 sic

551 2680 756 2726 unum
784 2680 937 2725 cum
971 2659 1095 2725 illo
1115 2660 1398 2725 faciunt.
1489 2658 1822 2724 Similiter
1854 2662 2087 2725 omnia
2111 2659 2411 2742 jucunda
2440 2662 2507 2725 in
2542 2681 2799 2744 genere

550 2778 624 2823 se
681 2758 988 2829 referunt
1047 2754 1136 2819 ad
1196 2774 1404 2819 unum
1465 2774 1773 2819 amorem
1812 2752 2294 2821 universaliter
2338 2766 2796 2838 regnantem;

548 2854 615 2917 in
655 2852 852 2917 caelo
889 2851 978 2915 ad
1017 2868 1322 2914 amorem
1368 2851 1440 2915 in
1487 2850 1881 2927 Dominum,
1922 2859 1995 2915 et
2042 2852 2111 2915 in
2154 2849 2423 2917 inferno
2468 2852 2557 2915 ad
2604 2870 2797 2917 amo-

545 2966 689 3013 rem
729 2947 851 3011 sui.

671 3040 868 3125 48¹7.
929 3038 1290 3122 Quaenam
1370 3048 1440 3103 et
1477 3038 1708 3123 qualia
1746 3049 1906 3104 sunt
1941 3038 2241 3122 jucunda
2278 3040 2687 3122 spiritualia,
2728 3042 2797 3105 in

545 3156 720 3219 quae
765 3146 1130 3199 vertuntur
1168 3133 1470 3216 jucunda
1515 3135 1855 3199 naturalia
1900 3134 2197 3216 cujusvis
2257 3144 2417 3217 post
2476 3146 2795 3213 mortem,

543 3250 682 3294 non
709 3230 986 3294 aliunde
1015 3230 1168 3293 sciri
1201 3236 1437 3309 potest
1465 3248 1668 3312 quam
1700 3250 1793 3293 ex
1826 3230 2119 3293 scientia
2150 3230 2795 3311 correspondentia-

541 3344 714 3389 rum.
805 3324 1000 3388 Haec
1048 3324 1260 3388 docet
1321 3324 1388 3387 in
1435 3339 1715 3407 genere,
1765 3324 1946 3406 quod
1996 3343 2135 3387 non
2181 3322 2434 3406 aliquid
2480 3324 2797 3390 naturale

539 3420 764 3495 detur,
798 3421 906 3483 cui
943 3440 1082 3483 non
1121 3417 1478 3501 spirituale
1509 3419 2029 3502 correspondet,
2064 3428 2137 3483 et
2174 3438 2445 3501 quoque
2478 3418 2688 3484 docet
2726 3420 2795 3483 in

541 3516 772 3598 specie
817 3516 1166 3597 quodnam
1220 3523 1294 3579 et
1354 3512 1560 3596 quale
1625 3513 1695 3577 id
1755 3513 1939 3596 quod
1986 3513 2507 3596 correspondet.
2600 3512 2793 3597 Qua·

540 3620 826 3694 propter
859 3611 972 3693 qui
1007 3611 1076 3673 in
1114 3609 1235 3674 illa
1265 3610 1558 3673 scientia
1596 3618 1731 3682 est,
1766 3628 2190 3691 cognoscere
2230 3618 2466 3690 potest
2504 3629 2584 3673 ac
2623 3611 2793 3674 scire

539 3714 803 3770 statum
841 3724 1039 3769 suum
1077 3714 1236 3787 post
1285 3714 1608 3778 mortem,
1651 3703 1861 3768 modo
1906 3704 2079 3767 sciat
2118 3722 2311 3767 suum
2350 3724 2680 3780 amorem,
2719 3716 2791 3769 et

539 3798 758 3883 qualis
805 3800 922 3863 ille
967 3810 1078 3863 est
1123 3801 1192 3864 in
1240 3818 1473 3863 amore
1520 3796 2000 3862 universaliter
2046 3807 2408 3881 regnante,
2451 3799 2538 3863 ad
2589 3818 2790 3882 quem

537 3914 778 3961 omnes
811 3916 1082 3961 amores
1119 3916 1194 3961 se
1230 3896 1556 3969 referunt,
1591 3902 1665 3958 ut
1706 3913 1871 3957 mox
1907 3915 2111 3977 supra
2143 3892 2401 3957 dictum
2435 3903 2566 3959 est.
2656 3893 2791 3958 Sed

537 4010 843 4056 amorem
883 4011 1076 4055 suum
1115 3999 1524 4073 regnantem
1565 3990 1761 4064 scire,
1796 3988 2218 4071 impossibile
2258 3998 2365 4053 est
2401 3988 2535 4053 illis
2572 3990 2685 4073 qui
2722 3990 2791 4053 in

537 4106 770 4151 amore
803 4089 903 4150 sui
937 4097 1099 4151 sunt
1129 4108 1144 4165 ;
1193 4085 1349 4170 quia
1380 4094 1619 4150 amant
1651 4104 1795 4161 sua,
1830 4095 1903 4149 et
1936 4084 2119 4149 mala
2151 4106 2273 4148 sua
2296 4096 2549 4149 vocant
2583 4086 2787 4161 bona,

535 4198 615 4244 ac
664 4180 864 4245 simul
911 4180 1106 4257 falsa,
1157 4199 1331 4263 quae
1376 4180 1636 4253 favent,
1689 4187 1763 4242 et
1824 4198 1945 4261 per
1988 4198 2165 4263 quae
2210 4177 2623 4243 confirmant
2668 4200 2791 4243 sua

535 4274 739 4350 mala,
774 4284 1030 4339 vocant
1069 4295 1270 4353 vera;
1333 4285 1407 4339 at
1453 4294 1689 4357 usque,
1724 4273 1779 4336 si
1816 4273 2085 4351 volunt,
2125 4294 2217 4337 ex
2249 4272 2421 4347 aliis,
2456 4274 2568 4356 qui
2606 4272 2787 4356 sapi-

534 4380 736 4434 entes
789 4381 972 4445 sunt,
1023 4379 1314 4453 possunt
1363 4370 1560 4445 scire,
1603 4370 1929 4453 quoniam
1982 4368 2079 4432 illi
2130 4368 2371 4433 vident
2418 4388 2593 4449 quae
2648 4386 2786 4430 non

533 4464 683 4545 ipsi.
772 4462 911 4529 Sed
969 4465 1104 4529 hoc
1161 4484 1286 4529 nec
1347 4462 1425 4528 fit
1484 4464 1666 4546 apud
1728 4463 1909 4539 illos,
1959 4464 2069 4546 qui
2128 4464 2229 4527 ita
2283 4462 2572 4527 inescati
2624 4472 2787 4526 sunt

535 4554 824 4625 ¹¹³amore
883 4561 1008 4635 sui,
1072 4568 1144 4623 ut
1211 4568 1540 4645 respuant
1601 4576 1881 4623 omnem
1920 4554 2305 4623 doctrinam
2353 4556 2784 4639 sapientium.

534 4654 670 4741 Qui
707 4664 940 4721 autem
987 4656 1054 4720 in
1102 4674 1335 4720 amore
1373 4654 1665 4719 caelesti
1704 4663 1889 4732 sunt,
1928 4654 1972 4717 ii
2018 4654 2354 4736 recipiunt
2391 4648 2785 4716 instructio·
