3371 5304
781 627 882 676 DE
927 623 1278 678 SECUNDO
1324 625 1570 679 STATU
1615 623 1945 678 HOMINIS
1988 623 2172 678 POST
2218 624 2568 677 MORTEM.
2676 627 2794 696 317

1569 979 1785 1066 [Lu]

745 1155 864 1222 DE
907 1153 1272 1222 SECUNDO
1319 1155 1578 1224 STA‘ru
1627 1156 1971 1224 Homms
2015 1170 2198 1223 pos-r
2246 1156 2610 1222 MORTEM.

683 1355 898 1426 499.
956 1339 1314 1408 Secundus
1349 1340 1592 1430 Status
1625 1341 1921 1406 hominis
1970 1351 2133 1428 post
2178 1351 2473 1408 mortem
2511 1352 2802 1408 vocatur

560 1445 788 1504 status
823 1439 1246 1514 interiorum,
1284 1439 1444 1522 quia
1485 1447 1648 1503 tunc
1694 1439 2093 1506 immittitur
2138 1440 2205 1504 in
2250 1441 2580 1504 interiora
2627 1461 2801 1523 quae

561 1534 814 1598 mentis
857 1532 1000 1616 ejus
1044 1545 1227 1610 sunt,
1265 1555 1388 1598 seu
1431 1534 1813 1598 voluntatis
1856 1545 1928 1600 et
1974 1536 2441 1618 cogitationis,
2488 1555 2568 1600 ac
2616 1537 2801 1619 sopi-

560 1638 764 1693 untur
829 1631 1200 1705 exteriora,
1247 1631 1318 1694 in
1383 1630 1624 1714 quibus
1690 1629 1909 1696 fuerat
1976 1631 2045 1696 in
2109 1632 2331 1714 primo
2396 1651 2521 1696 suo
2584 1640 2799 1696 statu.

562 1721 866 1808 Quisque
898 1725 1010 1808 qui
1047 1726 1350 1791 advertit
1389 1727 1476 1788 ad
1513 1725 1732 1789 vitam
1762 1725 2059 1790 hominis
2097 1736 2168 1790 et
2206 1725 2348 1808 ejus
2380 1725 2691 1810 loquelas
2728 1737 2800 1792 et

560 1817 890 1897 actioneS,
924 1838 1348 1902 cognoscere
1381 1828 1641 1904 potest,
1676 1820 1861 1903 quod
1897 1822 2079 1904 apud
2110 1822 2629 1904 unumquemvis
2662 1822 2802 1888 sint

560 1915 914 1980 exteriora
949 1924 1022 1979 et
1059 1916 1399 1989 interiora,
1439 1935 1562 1978 seu
1598 1916 1979 1980 exteriores
2018 1926 2090 1981 et
2134 1917 2495 1982 interiores
2532 1918 2803 2000 cogita·

561 2009 790 2075 tiones
826 2020 898 2075 et
943 2010 1388 2077 intentiones.
1479 2009 1560 2073 Id
1599 2029 2024 2092 cognoscere
2062 2019 2299 2096 potest
2345 2031 2437 2074 ex
2482 2011 2626 2075 his:
2690 2014 2802 2096 qui

560 2105 628 2168 in
667 2104 850 2169 civili
885 2105 1032 2169 vita
1066 2114 1197 2180 est,
1236 2106 1293 2168 is
1338 2107 1611 2186 cogitat
1644 2105 1732 2168 de
1778 2103 1927 2168 aliis
1966 2107 2143 2171 sicut
2178 2105 2291 2170 vel
2338 2127 2429 2170 ex
2474 2106 2655 2170 fama
2688 2108 2801 2172 vel

561 2221 652 2266 ex
689 2201 1214 2264 conversatione
1251 2200 1338 2264 de
1373 2199 1509 2264 illis
1539 2199 1799 2264 audivit
1838 2208 1909 2264 et
1949 2203 2387 2286 appercepit3
2436 2203 2557 2267 sed
2592 2223 2803 2285 usque

563 2317 702 2362 non
748 2295 1052 2378 loquitur
1096 2295 1474 2360 secundum
1521 2295 2025 2378 cogitationem
2070 2316 2265 2362 suam
2314 2316 2466 2360 cum
2529 2296 2683 2374 illis,
2729 2307 2803 2362 et

563 2391 846 2456 tametsi
891 2389 1054 2464 mali
1099 2398 1282 2466 sunt,
1321 2410 1532 2473 usque
1593 2399 1829 2456 tamen
1875 2391 2165 2456 civiliter
2220 2411 2375 2474 cum
2439 2391 2577 2456 illis
2632 2393 2803 2474 agit.

564 2485 768 2572 Quod
792 2487 892 2550 ita
913 2487 1028 2562 sit,
1053 2486 1376 2570 apprimis
1402 2497 1642 2550 notum
1666 2495 1777 2550 est
1808 2507 1899 2550 ex
1924 2485 2431 2553 simulatoribus
2462 2497 2535 2551 et
2564 2507 2801 2552 assen-

562 2583 930 2659 tatoribuS,
985 2582 1096 2667 qui
1155 2599 1430 2665 prorsus
1488 2580 1691 2646 aliter
1750 2580 2123 2666 loquuntur
2175 2592 2247 2646 et
2298 2593 2539 2666 agunt,
2596 2602 2803 2667 quam

563 2680 881 2761 cogitant
927 2686 1000 2741 et
1052 2676 1339 2753 volunt3
1409 2686 1481 2743 et
1541 2698 1632 2741 ex
1692 2677 2096 2762 hypocritis,
2144 2680 2257 2761 qui
2306 2677 2672 2761 loquuntur
2716 2679 2803 2743 de

563 2776 740 2851 Deo,
777 2775 862 2838 de
900 2773 1118 2849 caelo,
1159 2772 1246 2837 de
1283 2772 1504 2837 salute
1541 2774 1941 2849 animarum,
1981 2774 2069 2837 de
2106 2775 2283 2837 veris
2318 2774 2677 2851 ecclesiae,
2716 2776 2803 2839 de

562 2868 762 2933 bonis
799 2869 1082 2953 patriae,
1115 2878 1188 2932 et
1227 2868 1314 2933 de
1351 2869 1694 2951 proxim0,
1733 2870 1911 2932 sicut
1948 2889 2039 2931 ex
2076 2867 2209 2933 fide
2246 2878 2320 2933 et
2358 2888 2613 2945 amore,
2648 2889 2803 2935 cum

565 2972 800 3029 tamen
848 2964 1054 3029 corde
1101 2963 1283 3028 aliud
1331 2964 1644 3037 credunt,
1679 2982 1759 3027 ac
1820 2984 1895 3027 se
1952 2962 2141 3027 solos
2178 2974 2435 3027 amant.
2526 2964 2639 3027 Ex
2698 2964 2805 3029 his

565 3069 886 3123 constare
934 3067 1192 3142 potest,
1231 3058 1414 3142 quod
1463 3058 1664 3123 binae
1711 3058 2175 3139 cogitationes
2220 3058 2380 3135 sint,
2422 3079 2555 3123 una
2600 3070 2805 3124 exte·

565 3156 702 3221 rior
752 3164 823 3219 et
873 3155 1098 3219 altera
1141 3155 1441 3229 interior,
1491 3164 1564 3219 et
1611 3154 1795 3238 quod
1842 3174 1933 3217 ex
1979 3153 2410 3236 cogitatione
2456 3156 2805 3219 exteriore

566 3249 954 3334 loquantur,
993 3258 1064 3315 et
1112 3270 1202 3313 ex
1249 3250 1684 3332 cogitatione
1732 3250 2056 3314 interiore
2095 3249 2277 3314 aliud
2318 3251 2673 3328 sentiant;
2720 3270 2801 3315 ac

565 3346 748 3429 quod
786 3346 987 3410 binae
1023 3344 1186 3409 illae
1225 3346 1691 3426 cogitationes
1729 3354 2090 3425 separatae
2128 3345 2289 3419 sint,
2326 3364 2482 3407 nam
2522 3355 2807 3410 cavetur

567 3460 653 3506 ne
685 3440 968 3505 interior
999 3439 1236 3504 influat
1269 3440 1336 3503 in
1373 3440 1821 3514 exteriorem,
1849 3448 1921 3503 et
1954 3438 2184 3521 aliquo
2214 3440 2423 3503 modo
2454 3450 2805 3523 appareat.

569 3535 803 3601 Homo
847 3556 938 3601 ex
985 3536 1332 3600 creatione
1379 3534 1540 3599 talis
1584 3545 1717 3609 est,
1764 3542 1839 3598 ut
1884 3534 2169 3599 interior
2213 3536 2553 3617 cogitatio
2599 3554 2807 3599 unum

566 3642 734 3714 agat
793 3650 948 3695 cum
1009 3631 1356 3695 exteriore
1421 3648 1543 3713 per
1599 3629 2285 3713 correspondentiam
2322 3652 2337 3709 3
2407 3638 2479 3693 et
2538 3650 2807 3712 quoque

567 3746 774 3792 unum
811 3728 960 3809 agit
995 3724 1178 3808 apud
1213 3724 1370 3789 illos
1407 3724 1518 3807 qui
1565 3726 1632 3789 in
1670 3725 1857 3789 bono
1900 3732 2105 3788 sunt:
2156 3744 2313 3788 nam
2352 3725 2448 3788 illi
2495 3744 2633 3789 non
2682 3725 2809 3790 nisi

566 3841 772 3906 quam
808 3820 1063 3887 bonum
1100 3822 1416 3903 cogitant
1454 3830 1528 3885 et
1564 3820 1821 3885 bonum
1854 3820 2263 3902 loquuntur:
2314 3830 2389 3883 at
2426 3840 2589 3885 vero
2626 3820 2809 3901 apud

567 3916 722 3981 illos
767 3916 879 3999 qui
933 3917 1000 3979 in
1047 3914 1231 3981 malo
1277 3924 1460 3992 sunt,
1507 3916 1795 3979 interior
1838 3914 2179 3998 cogitatio
2225 3934 2361 3980 non
2410 3934 2615 3979 unum
2659 3916 2809 3997 agit

567 4030 722 4075 cum
761 4011 1128 4085 exteriore,
1169 4029 1327 4073 nam
1373 4008 1444 4074 hi
1483 4010 1740 4073 malum
1780 4011 2097 4091 cogitant
2144 4019 2219 4073 et
2265 4008 2637 4091 loquuntur
2681 4010 2807 4075 bo-

568 4125 774 4173 num:
836 4106 1018 4189 apud
1061 4106 1190 4170 hos
1227 4107 1532 4170 inversus
1578 4115 1684 4169 est
1732 4106 1923 4177 ordo,
1962 4124 2123 4169 nam
2160 4104 2415 4169 bonum
2460 4105 2643 4187 apud
2688 4125 2811 4172 eos

569 4210 678 4267 est
715 4210 938 4277 extra,
977 4221 1058 4265 ac
1097 4200 1353 4265 malum
1387 4201 1608 4279 intra;
1658 4201 1817 4264 inde
1854 4209 1961 4265 est
1992 4200 2175 4283 quod
2210 4200 2463 4264 malum
2496 4200 2808 4265 domine-

569 4306 682 4363 tur
715 4316 919 4379 super
954 4295 1232 4375 bonum,
1266 4306 1338 4360 et
1377 4296 1507 4361 hoc
1547 4296 1674 4359 sibi
1706 4294 2019 4376 subjiciat
2051 4295 2229 4361 sicut
2260 4314 2555 4369 servum,
2590 4306 2667 4359 ut
2704 4297 2808 4361 in·

571 4393 824 4457 serviat
855 4392 982 4457 sibi
1013 4412 1138 4475 pro
1165 4393 1394 4456 medio
1423 4392 1512 4455 ad
1544 4391 1967 4456 obtinendos
1998 4389 2187 4467 fines,
2220 4391 2335 4473 qui
2365 4401 2527 4454 sunt
2559 4392 2811 4456 amoris

569 4489 865 4554 illorum.
955 4486 1052 4551 Et
1089 4489 1246 4570 quia
1284 4486 1444 4551 talis
1481 4484 1631 4550 finis
1668 4487 1850 4551 inest
1887 4486 2072 4551 bono
2108 4486 2292 4569 quod
2333 4484 2701 4569 loquuntur
2736 4497 2809 4551 et

572 4584 755 4669 quod
793 4590 1032 4667 agunt,
1067 4592 1284 4667 patet,
1321 4582 1502 4666 quod
1535 4582 1789 4646 bonum
1824 4581 2003 4664 apud
2042 4580 2200 4646 illos
2232 4600 2369 4645 non
2410 4583 2496 4645 sit
2530 4582 2809 4659 bonum,
