3371 5304
795 635 1242 688 UNIVERSUM
1277 635 1594 688 canum
1633 635 1939 686 REFERT
1984 634 2209 688 UNUM
2246 631 2640 685 HOMINEM.
2750 635 2837 702 43

589 819 665 876 et
709 810 971 888 dicunt,
1009 808 1194 894 quod
1238 807 1360 874 illa
1395 807 1695 874 societas
1740 807 1831 874 sit
1868 807 1937 872 in
1982 807 2293 872 membro
2336 827 2459 872 seu
2494 805 2843 889 provincia

587 906 818 989 aliqua
846 905 1112 988 capitis,
1145 904 1266 970 illa
1295 906 1364 970 in
1397 904 1711 971 membro
1740 925 1861 968 seu
1894 904 2242 986 provincia
2265 903 2491 986 aliqua
2520 899 2839 986 peeoris,

588 1001 708 1066 illa
735 1000 804 1066 in
836 1000 1148 1064 membro
1173 1008 1290 1066 aut
1321 999 1676 1082 provincia
1700 998 1927 1082 aliqua
1951 998 2357 1074 lumborum,
2384 1008 2457 1064 et
2492 999 2590 1064 sic
2616 1017 2840 1080 porro.

591 1096 672 1161 In
731 1115 1010 1178 genere,
1049 1095 1316 1162 caelum
1373 1115 1765 1179 supremum
1824 1115 1944 1160 seu
2002 1095 2281 1159 tertium
2324 1094 2575 1159 format
2633 1101 2841 1176 caput

593 1213 802 1276 usque
847 1191 935 1255 ad
990 1190 1286 1271 collum;
1350 1191 1618 1256 caelum
1663 1190 1963 1254 medium
2008 1209 2129 1254 seu
2173 1190 2547 1254 secundum
2590 1189 2843 1254 format

591 1284 830 1370 peetus
868 1306 1081 1369 usque
1133 1285 1222 1349 ad
1281 1285 1554 1350 lumbos
1598 1295 1672 1350 et
1726 1304 1996 1368 genua:
2053 1284 2321 1349 caelum
2360 1285 2675 1349 ultimum
2720 1304 2843 1348 seu

591 1383 882 1464 primum
919 1381 1169 1445 format
1201 1380 1412 1462 pedes
1444 1401 1656 1464 usque
1694 1380 1783 1445 ad
1821 1379 2119 1463 plantas,
2154 1387 2227 1444 et
2264 1399 2533 1462 quoque
2563 1379 2845 1444 brachia

587 1482 802 1560 'usque
825 1475 915 1540 ad
945 1476 1204 1557 digitos
1234 1495 1250 1554 ;
1298 1494 1460 1539 nam
1485 1475 1765 1540 brachia
1788 1485 1861 1540 et
1893 1493 2135 1538 manus
2160 1483 2320 1538 sunt
2353 1474 2595 1540 ultima
2618 1473 2841 1540 homi·

595 1573 721 1648 nir»,
769 1571 1050 1636 tametsi
1102 1591 1145 1635 a
1201 1569 1441 1636 latere.
1531 1570 1705 1636 Inde
1748 1571 1999 1636 iterum
2046 1578 2265 1652 patet,
2314 1589 2433 1634 cur
2482 1578 2627 1635 tres
2668 1568 2845 1634 caeli

595 1676 778 1732 sunt.
2370 1693 2379 1702 ·

720 1762 876 1826 66.
945 1759 1238 1844 Spiritus
1295 1761 1409 1844 qui
1467 1760 1639 1826 infra
1688 1759 1957 1826 caelum
2017 1767 2178 1826 sunt
2236 1761 2569 1824 mirantur
2614 1759 2839 1836 valde,

593 1875 750 1920 eum
795 1857 1080 1921 audiunt
1127 1866 1199 1921 et
1251 1856 1492 1922 vident
1538 1857 1724 1939 quod
1771 1855 2039 1920 caelum
2083 1857 2173 1920 sit
2232 1864 2377 1920 tam
2422 1855 2594 1920 infra
2637 1875 2841 1939 quam

591 1971 840 2034 supra3
894 1960 1055 2015 sunt
1091 1952 1276 2016 enim
1321 1953 1388 2015 in
1435 1951 1638 2015 simili
1675 1950 1808 2015 fide
1845 1959 1919 2016 et
1964 1952 2307 2032 opinione,
2348 1952 2417 2014 in
2463 1950 2646 2034 quali
2684 1960 2841 2015 sunt

593 2047 908 2112 homines
939 2047 1010 2110 in
1043 2047 1322 2122 mundo,
1356 2047 1540 2130 quod
1573 2046 1841 2110 caelum
1874 2065 2011 2110 non
2044 2046 2207 2110 alibi
2238 2048 2330 2111 sit
2358 2063 2565 2129 quam
2596 2065 2839 2128 supra;

595 2161 732 2206 non
765 2143 948 2206 enim
986 2142 1234 2216 sciunt,
1273 2143 1456 2224 quod
1489 2143 1662 2206 situs
1701 2141 2047 2206 caelorum
2084 2143 2179 2205 sit
2210 2143 2387 2206 sicut
2420 2142 2591 2206 situs
2622 2158 2841 2205 mem·

593 2236 890 2313 brorum,
925 2257 1361 2319 organorum,
1395 2247 1468 2302 et
1500 2238 1839 2302 viscerum
1869 2238 1939 2300 in
1971 2236 2275 2312 homine,
2309 2255 2595 2320 quorum
2632 2257 2842 2319 quae·

595 2332 756 2398 dam
792 2340 954 2398 sunt
989 2352 1196 2414 supra
1239 2342 1310 2396 et
1355 2333 1695 2416 quaedam
1741 2333 1913 2396 infra
1934 2354 1951 2411 3
2002 2341 2075 2398 et
2108 2332 2292 2416 quod
2330 2333 2419 2397 sit
2458 2333 2636 2397 sicut
2670 2333 2843 2396 situs

594 2429 890 2511 partium
928 2429 998 2492 in
1035 2430 1413 2511 unoquovis
1451 2428 1785 2504 membr0,
1818 2447 2105 2510 organo,
2140 2435 2213 2492 et
2250 2428 2530 2502 viscere,
2556 2447 2841 2510 quarum

595 2525 936 2608 quaedam
973 2533 1136 2588 sunt
1181 2525 1386 2600 intra,
1425 2524 1767 2608 quaedam
1802 2533 2009 2588 extra
2031 2545 2049 2603 ;
2094 2522 2257 2588 inde
2292 2521 2723 2589 confundunt
2767 2543 2842 2587 se

597 2619 684 2685 de
719 2619 938 2687 caelo.

719 2716 858 2799 67.
923 2716 1119 2781 Haec
1166 2717 1254 2781 de
1295 2715 1500 2791 ‚caelo
1557 2725 1634 2781 ut
1689 2714 2003 2781 Maximo
2051 2716 2351 2781 Homine
2396 2714 2613 2780 allata
2656 2724 2839 2790 sunt,

593 2813 754 2897 quia
783 2813 1040 2895 absque
1073 2812 1189 2876 illa
1221 2814 1622 2895 cognitione
1646 2814 1926 2895 praevia
1950 2812 2339 2876 nullatenus
2369 2812 2521 2895 capi
2554 2820 2841 2892 possunt

594 2926 768 2991 quae
803 2917 1180 2989 sequuntur
1217 2906 1304 2971 de
1341 2907 1576 2987 caelo;
1625 2928 1754 2973 nec
1794 2916 2029 2988 potest
2066 2906 2293 2989 aliqua
2330 2905 2655 2972 distinfta
2689 2908 2845 2972 idea

597 3001 834 3067 haberi
871 3002 956 3065 de
995 3000 1212 3066 forma
1250 3002 1444 3078 caeli,
1480 3001 1566 3067 de
1605 2999 2087 3083 conjumfflone
2120 3002 2400 3067 Domini
2437 3022 2591 3067 cum
2622 3002 2839 3076 caelo,

598 3097 690 3163 de
726 3094 1201 3179 conjunfitione
1240 3098 1414 3163 caeli
1457 3117 1614 3163 cum
1659 3098 1961 3176 homine,
2002 3118 2131 3163 nec
2176 3098 2266 3163 de
2310 3097 2572 3163 influxu
2608 3099 2843 3163 mundi

595 3192 966 3276 spiritualis
1019 3194 1087 3257 in
1135 3193 1540 3271 naturalem,
1580 3204 1655 3259 et
1703 3214 1979 3278 prorsus
2024 3214 2163 3259 non
2208 3194 2439 3277 aliqua
2483 3194 2571 3260 de
2615 3215 2843 3261 corre·

595 3289 1031 3371 spondentia,
1073 3289 1160 3353 de
1204 3289 1448 3372 quibus
1493 3298 1731 3355 tamen
1776 3290 2017 3355 ordine
2062 3290 2132 3353 in
2178 3309 2358 3354 nunc
2397 3291 2845 3374 sequentibus

595 3384 942 3493 agendum
981 3393 1089 3448 est
1123 3405 1140 3463 ;
1195 3394 1615 3467 quapropter
1651 3385 1741 3449 ad
1786 3385 2091 3451 dandum
2128 3384 2351 3449 lucem
2396 3386 2467 3451 in
2510 3386 2669 3463 illis,
2709 3385 2841 3451 hoc

598 3497 1042 3560 praemissum
1079 3488 1208 3545 est.

1620 3942 1809 4030 [ιχ]

599 4134 827 4221 Quor>
863 4150 1353 4218 UNAQUAEVIS
1389 4136 1767 4297 Soqflnus
1804 4154 1888 4205 m
1922 4152 2195 4205 casus
2225 4154 2585 4207 uernam·
2618 4154 2843 4209 metm

1589 4247 1925 4299 omnam.

721 4416 872 4485 68.
937 4414 1140 4501 Quod
1165 4420 1582 4502 unaquaevis
1601 4420 1902 4485 societas
1926 4420 2101 4485 caeli
2123 4422 2335 4487 etiam
2360 4421 2609 4488 reserat
2632 4442 2842 4488 unum

599 4512 970 4587 hominem,
1007 4523 1078 4580 et
1109 4534 1380 4597 quoque
1415 4514 1486 4579 in
1517 4514 1965 4580 similitudine
1996 4516 2294 4581 hominis
2330 4518 2442 4591 sit,
2476 4516 2843 4600 aliquoties

600 4606 762 4673 mihi
800 4609 1034 4673 videre
1065 4609 1306 4673 datum
1338 4619 1466 4675 est.
1557 4609 1729 4675 Erat
1764 4611 2085 4689 societas,
2120 4613 2189 4677 in
2224 4632 2429 4697 quam
2466 4633 2543 4681 se
2576 4613 2839 4679 insinu-
