3371 5304
556 619 774 672 NEMO
794 621 896 670 Ex
913 621 1362 671 IMMEDIATA
1383 619 1941 674 MISERICORDIA
1960 622 2045 673 IN
2064 621 2377 674 CAELUM
2393 623 2652 674 VENIT.
2678 623 2798 692 333

555 791 782 857 solum
817 793 908 857 sit
945 791 1270 858 admissio
1316 814 1409 858 ex
1455 791 1718 876 gratia;
1781 802 2287 884 consequenter
2326 795 2507 878 quod
2556 813 2799 860 omnes

554 897 994 972 quotcunque
1033 898 1191 952 sunt
1229 888 1543 952 homines
1575 888 1825 952 salvari
1871 891 2139 972 possint
2177 910 2269 953 ex
2312 889 2797 972 beneplacito;

555 982 766 1045 immo
810 983 1088 1066 quidam
1134 985 1528 1064 opinantur,
1575 982 1760 1067 quod
1808 986 2021 1048 etiam
2076 1004 2317 1049 omnes
2381 986 2449 1048 in
2508 986 2797 1050 inferno,

555 1074 692 1141 Sed
736 1073 836 1142 illi
882 1097 1020 1141 non
1059 1078 1283 1142 sciunt
1322 1078 1576 1162 aliquid
1621 1078 1711 1142 de
1756 1077 2053 1154 homine,
2089 1080 2271 1162 quod
2319 1099 2595 1162 prorsus
2640 1079 2803 1146 talis

553 1172 647 1235 sit
677 1171 896 1255 qualis
929 1171 1070 1254 ejus
1099 1173 1267 1248 vita,
1295 1183 1366 1237 et
1405 1171 1546 1253 ejus
1577 1173 1725 1238 vita
1754 1173 1973 1258 qualis
2004 1173 2147 1256 ejus
2179 1193 2394 1249 amor,
2423 1194 2561 1238 non
2590 1175 2800 1240 modo

556 1267 783 1350 quoad
829 1267 1156 1331 interiora
1199 1288 1373 1351 quae
1418 1276 1580 1332 sunt
1629 1267 2015 1334 voluntatis
2060 1279 2133 1335 et
2190 1265 2585 1333 intellthus
2630 1269 2795 1352 ejus,

558 1361 680 1426 sed
741 1363 954 1429 etiam
1009 1363 1235 1445 quoad
1295 1363 1648 1427 exteriora
1702 1383 1877 1447 quae
1936 1372 2098 1428 sunt
2154 1365 2458 1445 corporis
2511 1363 2675 1446 ejus,
2724 1375 2798 1430 et

555 1456 740 1539 quod
785 1475 1118 1538 corporea
1162 1456 1379 1521 forma
1413 1459 1501 1520 sit
1545 1457 1755 1522 modo
1788 1456 2007 1522 forma
2048 1467 2359 1534 externa,
2400 1459 2469 1522 in
2514 1478 2648 1542 qua
2692 1459 2797 1522 in-

556 1552 807 1616 teriora
852 1571 926 1615 se
971 1553 1229 1638 sistunt
1265 1553 1333 1616 in
1371 1549 1636 1627 efseEtu,
1677 1561 1749 1616 et
1795 1552 1953 1616 inde
1993 1551 2176 1635 quod
2224 1561 2415 1617 totus
2450 1553 2662 1618 homo
2708 1557 2797 1619 sit

554 1665 714 1710 suus
744 1664 937 1710 amor
971 1644 1316 1731 (videatur
1345 1665 1571 1728 supra,
1600 1665 1665 1710 n.
1704 1644 1880 1730 363).
1970 1645 2117 1711 Nec
2144 1648 2392 1721 sciunt,
2427 1649 2609 1730 quod
2643 1669 2793 1714 cor-

553 1761 680 1822 pus
717 1761 857 1806 non
894 1742 1085 1805 vivat
1129 1761 1219 1804 ex
1263 1761 1361 1816 se,
1401 1742 1526 1804 sed
1573 1761 1664 1804 ex
1712 1761 1839 1804 suo
1876 1741 2139 1824 spiritu,
2178 1751 2251 1805 et
2298 1743 2481 1824 quod
2518 1744 2795 1824 spiritus

554 1835 848 1900 hominis
892 1835 980 1900 sit
1025 1836 1174 1919 ipsa
1211 1834 1351 1916 ejus
1388 1832 1680 1910 affec'tiO,
1723 1844 1795 1899 et
1841 1836 2025 1918 quod
2065 1836 2417 1917 spirituale
2456 1836 2598 1918 ejus
2644 1857 2795 1902 cor-

553 1949 680 2012 pus
717 1949 856 1993 non
893 1928 1075 1993 aliud
1113 1931 1201 1993 sit
1237 1949 1444 2012 quam
1480 1930 1777 1993 hominis
1809 1927 2081 2010 affectio
2116 1933 2183 1992 in
2222 1931 2439 1995 forma
2470 1929 2793 2008 humana,

553 2026 622 2089 in
681 2025 862 2108 quali
920 2025 1130 2090 etiam
1175 2033 1464 2107 apparet
1510 2034 1670 2106 post
1726 2035 2021 2088 mortem
2070 2023 2413 2106 (videatur
2456 2045 2679 2108 supra,
2728 2047 2795 2094 n.

550 2118 902 2202 453-460).
995 2117 1213 2193 Haec,
1254 2119 1576 2201 quamdiu
1613 2119 1860 2201 ignota
1896 2129 2082 2193 sunt,
2123 2120 2333 2184 homo
2369 2120 2597 2185 induci
2634 2132 2793 2204 pot·

551 2223 660 2278 est
697 2215 996 2288 credere,
1031 2213 1215 2298 quod
1245 2213 1541 2278 salvatio
1573 2233 1711 2277 non
1746 2215 1837 2276 sit
1870 2214 1997 2277 nisi
2029 2234 2231 2296 quam
2264 2214 2797 2298 beneplacentia

555 2307 828 2384 Divina,
867 2328 1041 2391 quae
1079 2308 1540 2372 misericordia
1584 2317 1658 2372 et
1695 2308 1923 2388 gratia
1958 2317 2263 2373 vocatur.

677 2417 867 2486 322·
931 2401 1068 2466 Sed
1127 2402 1287 2486 quid
1353 2402 1605 2466 Divina
1663 2402 2131 2466 misericordia
2175 2404 2464 2484 primum
2511 2403 2795 2470 dicetur.

553 2495 804 2560 Divina
835 2497 1295 2561 misericordia
1325 2507 1433 2560 est
1465 2516 1632 2579 pura
1657 2496 2125 2561 misericordia
2146 2517 2317 2580 erga
2346 2517 2550 2563 omne
2576 2519 2795 2582 genus

553 2590 926 2657 humanum
985 2591 1072 2657 ad
1131 2592 1539 2657 salvandum
1579 2591 1792 2672 illud3
1862 2602 1935 2658 et
1981 2612 2251 2677 quoque
2298 2602 2405 2658 est
2464 2596 2796 2663 continua

551 2687 731 2767 apud
771 2689 1288 2771 unumquemvis
1321 2687 1695 2764 hominem,
1737 2696 1807 2752 et
1848 2706 2183 2771 nusquam
2220 2686 2307 2751 ab
2344 2688 2573 2773 aliquo
2604 2708 2795 2757 rece-

554 2782 697 2860 dit;
766 2792 1184 2865 quapropter
1241 2783 1542 2866 quisquis
1598 2782 1855 2845 salvari
1908 2790 2165 2865 potest,
2227 2781 2552 2847 salvatur.
2656 2782 2793 2849 Sed

554 2896 758 2945 nemo
805 2876 1055 2942 salvari
1107 2886 1342 2960 potest
1404 2878 1530 2941 nisi
1591 2897 1794 2960 quam
1850 2896 1969 2960 per
2024 2876 2273 2941 Divina
2332 2880 2580 2954 media,
2621 2899 2793 2962 quae

553 2970 778 3035 media
814 2970 1117 3035 revelata
1162 2980 1324 3035 sunt
1369 2992 1410 3034 a
1457 2970 1758 3034 Domino
1799 2973 1869 3034 in
1916 2970 2175 3035 Verbo.
2268 2971 2519 3036 Divina
2564 2974 2792 3059 media

552 3074 712 3129 sunt
769 3086 944 3149 quae
981 3077 1320 3130 vocantur
1359 3066 1610 3129 Divina
1646 3086 1849 3130 vera:
1910 3065 2083 3130 haec
2114 3067 2399 3131 ‘docent
2445 3070 2794 3149 quomodo

553 3158 763 3224 homo
807 3156 1105 3225 viGturus
1150 3170 1280 3237 est,
1329 3168 1406 3225 ut
1465 3160 1718 3225 salvari
1776 3162 2017 3246 possit.
2108 3158 2444 3225 Dominus
2505 3182 2626 3245 per
2677 3162 2796 3229 illa

551 3252 740 3319 ducit
770 3252 1116 3319 hominem
1147 3255 1233 3319 ad
1271 3255 1559 3331 caelum,
1594 3264 1666 3321 et
1705 3274 1827 3338 per
1856 3255 1974 3321 illa
2010 3256 2184 3319 indit
2222 3258 2283 3319 ei
2321 3257 2535 3320 vitam
2572 3258 2790 3323 caeli:

550 3348 682 3413 hoc
728 3349 892 3413 facit
931 3348 1264 3414 Dominus
1302 3349 1480 3433 apud
1518 3370 1804 3429 omnes;
1852 3351 1973 3414 sed
2012 3351 2228 3413 vitam
2267 3350 2438 3414 caeli
2474 3351 2643 3415 nulli
2686 3354 2791 3416 in-

554 3443 716 3529 dere
755 3452 1013 3525 potest,
1053 3444 1180 3507 nisi
1217 3446 1330 3528 qui
1362 3445 1669 3509 abstinet
1716 3466 1757 3509 a
1794 3443 1999 3520 malo,
2040 3462 2199 3509 nam
2238 3444 2493 3509 malum
2532 3447 2791 3511 obstat.

555 3535 906 3618 Quantum
939 3539 1168 3621 itaque
1193 3538 1404 3603 homo
1436 3541 1745 3605 abstinet
1779 3560 1820 3603 a
1850 3539 2056 3614 malo,
2086 3549 2358 3605 tantum
2385 3540 2575 3603 illum
2601 3541 2791 3607 ducit

555 3632 888 3696 Dominus
944 3652 1065 3716 per
1111 3634 1359 3698 Divina
1405 3654 1526 3698 sua
1571 3635 1799 3699 media
1842 3654 1933 3697 ex
1980 3654 2147 3717 pura
2190 3635 2679 3712 misericordia,
2720 3646 2792 3702 et

552 3725 681 3791 hoc
719 3728 808 3791 ab
838 3728 1125 3792 infantia
1161 3728 1248 3793 ad
1287 3727 1490 3793 finem
1523 3730 1707 3794 vitae
1740 3725 1883 3811 ejus
1918 3728 1985 3793 in
2018 3729 2297 3804 mundo,
2331 3739 2404 3794 et
2442 3739 2687 3811 postea
2722 3732 2789 3795 in

551 3832 926 3887 aeternum.
1015 3820 1208 3887 Haec
1241 3834 1350 3889 est
1385 3822 1634 3887 Divina
1657 3824 2126 3889 misericordia
2144 3845 2319 3908 quae
2351 3824 2785 3907 intelligitur.

553 3914 726 3981 Inde
763 3925 981 3999 patet,
1021 3919 1204 4000 quod
1243 3918 1710 3983 misericordia
1746 3918 2025 3982 Domini
2063 3919 2153 3983 sit
2200 3938 2369 4003 pura
2407 3920 2791 3985 misericor-

552 4010 684 4087 dia,
719 4012 840 4076 sed
889 4032 1027 4077 non
1073 4014 1494 4089 immediata,
1534 4013 1667 4078 hoc
1715 4023 1847 4091 est,
1890 4024 1965 4079 ut
2010 4013 2363 4079 salventur
2409 4034 2650 4079 omnes
2696 4035 2789 4080 ex

552 4104 1012 4189 beneplacito,
1047 4118 1392 4192 utcunque
1428 4109 1773 4174 vixerant.

676 4214 870 4284 523.
933 4202 1266 4266 Dominus
1305 4223 1637 4286 nusquam
1675 4201 1931 4286 aliquid
1967 4202 2133 4267 facit
2170 4214 2415 4267 contra
2451 4205 2787 4281 ordinem,

553 4296 706 4379 quia
739 4295 896 4379 Ipse
927 4306 1036 4361 est
1065 4294 1276 4363 Ordo.
1358 4298 1682 4363 Divinum
1711 4292 1968 4363 Verum
2002 4299 2383 4383 procedens
2415 4320 2455 4363 a
2490 4298 2790 4367 Domino

552 4401 658 4454 est
703 4390 887 4474 quod
939 4390 1104 4457 facit
1147 4392 1481 4468 ordinem,
1530 4414 1610 4457 ac
1660 4394 1909 4457 Divina
1955 4412 2117 4457 vera
2160 4403 2323 4458 sunt
2371 4393 2563 4475 leges
2606 4396 2789 4458 ordi·

549 4486 698 4565 nis3
745 4485 1119 4551 secundum
1157 4486 1282 4551 has
1319 4488 1507 4552 duci-t
1541 4487 1879 4552 Dominus
1915 4486 2285 4552 hominem.
2374 4486 2606 4569 Quare
2650 4488 2787 4552 sal·

549 4600 710 4644 vare
741 4580 1088 4646 hominem
1120 4601 1210 4646 ex
1248 4583 1648 4647 immediata
1671 4582 2135 4648 misericordia
2168 4593 2276 4648 est
2317 4594 2563 4647 contra
2597 4580 2786 4646 Divi-
