3371 5304
737 941 964 1104 DE
1067 972 1556 1130 CAELO
1667 971 1865 1098 ET
1974 967 2690 1097 INFERNO.

1405 1525 2057 1580 PRAEFATIO.

731 1713 808 1763 1·
867 1695 1007 1764 Ubi
1055 1694 1394 1762 Dominus
1440 1695 1526 1760 de
1573 1693 2173 1760 consummatione
2212 1691 2492 1770 saeculi,
2533 1711 2707 1776 quae
2744 1699 2854 1757 est

603 1792 924 1858 ultimum
963 1800 1238 1874 tempus
1276 1787 1708 1868 ecclesiae,(·)
1747 1807 1981 1855 coram
2018 1787 2371 1871 discipulis
2408 1785 2731 1871 loquitur,
2765 1785 2854 1851 ad

605 1885 812 1953 finem
847 1885 1392 1970 praedietionum
1452 1885 1541 1949 de
1600 1885 2008 1952 successivis
2060 1883 2358 1948 statibus
2417 1879 2558 1965 ejus
2625 1880 2854 1964 quoad

605 1999 911 2047 amorem
949 1989 1022 2046 et
1059 1977 1350 2057 fidem,(⁶)
1380 1981 1480 2046 ita
1516 1979 1725 2045 dicit:

707 2115 973 2168 “Statium
993 2123 1144 2179 ‚post
1175 2113 1524 2166 afflictionem
1559 2115 1773 2166 dierum
1810 2115 2037 2166 istorum
2073 2114 2158 2165 sol
2207 2115 2596 2173 obscurabitur.
2631 2123 2687 2164 et
2720 2113 2853 2164 lunt

869 2195 982 2231 non
1016 2181 1169 2232 dabit
1203 2181 1387 2231 lumen
1424 2195 1599 2240 suum,
1624 2191 1681 2231 et
1715 2180 1908 2231 stellae
1942 2179 2139 2230 cadent
2173 2179 2241 2230 de
2274 2182 2443 2238 eaelo,
2479 2188 2534 2229 et
2574 2180 2851 2242 potentiae

867 2247 1144 2298 caelorum
1167 2248 1671 2298 commovebuntur.
1742 2245 1811 2296 Et
1832 2255 1963 2297 tunc
1984 2247 2265 2309 apparebit
2286 2247 2507 2308 signum
2528 2244 2651 2295 Filii
2674 2245 2853 2294 homi-

870 2313 957 2363 nis
985 2313 1043 2363 in
1071 2313 1257 2372 caelo;
1303 2321 1360 2364 et
1385 2323 1516 2362 tunc
1541 2313 1806 2375 plangent
1832 2326 2033 2362 omnes
2057 2313 2229 2362 tribus
2256 2320 2464 2362 terrae:
2506 2319 2563 2362 et
2589 2312 2851 2362 videbunt

873 2373 1068 2428 rmum
1094 2378 1333 2428 hominis
1357 2378 1665 2428 venientem
1692 2377 1745 2427 ln
1772 2378 2007 2428 nubibus
2031 2377 2167 2428 caeli
2190 2391 2310 2426 cum
2335 2377 2580 2442 potentia
2601 2386 2655 2426 et
2679 2376 2854 2439 gloria

869 2443 1060 2494 multa.
1130 2443 1200 2494 Et
1221 2445 1432 2493 emittet
1453 2443 1685 2506 angelos
1708 2457 1841 2494 suo·
1862 2457 1985 2493 cum
2006 2445 2137 2492 tube
2158 2449 2215 2492 et
2237 2455 2373 2492 voce
2402 2455 2615 2504 magne,
2640 2452 2694 2492 et
2722 2455 2853 2492 eon-

871 2510 1176 2573 sregabuut
1202 2507 1406 2559 electos
1437 2507 1618 2572 Ipsius
1662 2524 1699 2558 a
1730 2517 1962 2574 quatuor
1989 2510 2185 2567 ventis,
2212 2509 2283 2558 ab
2310 2517 2554 2560 extremo
2582 2508 2853 2560 caelorum

867 2589 1038 2639 usque
1060 2575 1130 2624 ad
1153 2585 1458 2626 extremum
1484 2574 1702 2624 illorum
1720 2573 1751 2595 ”
1774 2571 1991 2638 (Mami.
2015 2575 2160 2624 xxiv·
2186 2574 2383 2638 29—31).

608 2700 744 2784 Qui
789 2700 1168 2767 secundum
1202 2717 1480 2767 sensum
1517 2700 1793 2768 litterae
1838 2699 1958 2765 illa
2002 2701 2215 2767 verba
2249 2700 2675 2784 intelligunt,
2714 2720 2854 2769 non

607 2799 810 2862 aliter
852 2796 1168 2873 credunt,
1207 2815 1414 2879 quam
1458 2796 1644 2879 quod
1692 2797 1926 2861 omnia
1969 2796 2091 2861 illa
2134 2797 2513 2861 secundum
2550 2796 2853 2881 descrip-

606 2894 868 2958 tionem
899 2893 969 2955 in
1001 2890 1124 2955 illo
1153 2911 1358 2955 sensu
1382 2900 1738 2974 postremo
1771 2901 2108 2973 tempore,
2137 2892 2319 2974 quod
2353 2901 2642 2956 vocatur
2666 2890 2853 2957 Ulti-

607 3006 796 3052 mum
829 2986 1190 3071 Judicium,
1230 2996 1566 3052 eventura
1603 2989 1784 3066 sint3
1831 2988 1933 3051 ita
1968 3006 2111 3051 non
2146 2986 2371 3051 solum
2410 2988 2593 3069 quod
2632 2986 2735 3053 sol
2782 2998 2856 3054 et

607 3080 770 3145 luna
801 3080 1367 3159 obscurabuntur,
1395 3090 1468 3146 et
1499 3082 1684 3165 quod
1716 3082 1964 3147 stellae
1990 3082 2244 3146 cadent
2276 3082 2361 3145 de
2394 3082 2609 3158 cae10,
2637 3084 2853 3166 quod·-

608 3196 739 3259 que
783 3178 1248 3261 appariturum
1292 3175 1564 3259 signum
1602 3175 1885 3240 Domini
1928 3178 1997 3240 in
2045 3176 2263 3253 caelo,
2305 3185 2378 3240 et
2423 3178 2605 3261 quod
2650 3178 2857 3241 visuri

608 3270 842 3353 Ipsum
889 3272 956 3335 in
1004 3268 1316 3347 nubibuS,
1357 3280 1429 3335 et
1475 3270 1678 3335 simul
1714 3270 2007 3355 angelos
2044 3290 2199 3336 cum
2239 3271 2443 3346 tubis,
2483 3272 2606 3336 sed
2644 3272 2854 3337 etiar'n

607 3365 987 3431 secundum
1019 3362 1520 3451 praedictiones
1551 3366 1736 3442 alibi,
1770 3366 2183 3451 quodtotus
2215 3367 2509 3431 mundus
2538 3365 2853 3450 aspecta·-

608 3460 765 3525 bilis
817 3462 1158 3544 periturus
1215 3462 1330 3537 sit,
1379 3480 1460 3525 ac
1521 3469 1773 3544 postea
1825 3478 2079 3525 novum
2132 3460 2402 3525 caelum
2460 3480 2617 3525 cum
2676 3482 2858 3526 nova

606 3565 793 3621 terra
837 3556 1297 3622 exstiturum:
1365 3556 1434 3619 in
1491 3554 1624 3621 hac
1683 3555 2010 3639 opinione
2068 3566 2230 3621 sunt
2291 3556 2598 3640 plerique
2648 3554 2855 3621 hodie

609 3652 794 3727 intra,
825 3650 1215 3716 ecclesiam.
1304 3648 1442 3715 Sed
1488 3652 1603 3734 qui
1647 3652 1749 3716 ita
1793 3652 2109 3728 credunt,
2148 3670 2286 3716 non
2333 3652 2559 3716 sciunt
2604 3670 2858 3715 arcana

609 3766 783 3829 quae
823 3744 1056 3813 latent
1099 3745 1168 3811 in
1206 3746 1494 3829 singulis
1531 3744 1791 3827 Verbi3
1838 3747 1909 3811 in
1947 3746 2234 3829 singulis
2272 3748 2454 3811 enim
2493 3744 2711 3811 Verbi
2745 3757 2855 3811 est

1415 3972 1496 4025 (nx
1519 3972 2067 4025 aarum)

719 4059 804 4127 (a)
843 4014 1306 4115 consummetio
1333 4058 1575 4123 saeculi,
1597 4060 1762 4131 quod
1787 4059 1869 4116 sit
1898 4060 2177 4116 ultimum
2196 4068 2438 4133 tempus
2463 4060 2751 4117 ecclesiae
2774 4062 2855 4129 (n.

607 4141 766 4199 4535.
799 4129 1024 4200 10672[?
1053 4130 1292 4200 106221).

717 4236 796 4305 (b)
837 4234 1228 4307 Explicantur
1248 4252 1404 4308 quae
1431 4234 1731 4294 Dominus
1756 4238 1835 4293 de
1858 4236 2381 4293 consummatione
2401 4236 2640 4301 saeculi,
2660 4236 2857 4309 deque

608 4306 874 4393 edures-utu
903 4306 1119 4391 Ipsiuq,
1148 4308 1232 4363 ita
1261 4308 1337 4364 de
1368 4308 1711 4365 successiva
1732 4308 2074 4365 vastatione
2104 4308 2394 4394 ecclesiae
2430 4317 2493 4363 et
2528 4308 2606 4364 de
2641 4308 2857 4394 ultimo

607 4378 856 4449 judic»,
891 4378 1272 4449 praedixerat
1305 4380 1468 4450 apud
1499 4380 1901 4443 Mamaeum,
1932 4394 2083 4465 cap..
2105 4394 2265 4435 nur.
2291 4389 2354 4435 et
2388 4394 2544 4444 xxv..
2568 4378 2630 4435 in
2670 4380 2857 4434 mmls

610 4449 687 4504 ad
723 4448 926 4519 capita
952 4444 1168 4505 mxxvi.
1189 4451 1268 4505 ad
1303 4450 1502 4506 xxxix.
1535 4450 1730 4508 Gens.
1747 4470 1775 4515 ‚·
1833 4460 1899 4506 et
1936 4450 2021 4505 ibi
2055 4466 2115 4507 ιι.
2152 4450 2489 4520 3353-3356.
2521 4449 2855 4520 3486-3489·

609 4519 961 4732 ἓξὲξ
995 4520 1596 4663 &ww-⁵⁷
1623 4520 2097 4665 ame-1³30&
2118 4520 2485 4675 *ἕψων-Μ.
2518 4534 2856 4664 amis:
