3371 5304
543 597 631 656 60
1200 603 1302 652 DE
1348 601 1601 654 CAELO
1649 601 1747 654 ET
1792 600 2159 653 INFERNO.

670 773 824 855 96.
869 771 1499 856 correspondentia
1521 773 1810 839 duorum
1830 791 2196 856 regnorum
2216 771 2390 837 caeli
2414 789 2567 838 cum
2593 774 2803 839 corde

543 879 618 934 et
662 869 1013 951 pulmone,
1048 876 1155 932 est
1195 869 1575 933 communis
1607 869 2221 951 con-respondentia
2258 868 2443 933 caeli·
2480 887 2635 933 cum
2671 869 2800 934 ho·-

545 964 771 1043 mine;
821 965 1041 1028 minus
1079 964 1462 1028 communis
1501 973 1735 1028 autem
1772 973 1883 1028 est
1928 983 2083 1027 cum
2120 963 2412 1046 singulis
2444 964 2795 1038 membris,

541 1059 842 1142 organis,
883 1069 957 1124 et
1004 1059 1381 1124 visceribus
1419 1057 1601 1140 ejus;
1655 1079 1833 1141 quae
1868 1057 2091 1142 qualis
2136 1059 2248 1136 sit,
2287 1061 2497 1124 etiam
2538 1079 2800 1124 memo-

541 1154 820 1219 rabitur.
911 1153 1046 1236 Qui
1077 1155 1145 1218 in·
1179 1153 1492 1218 Maximo
1519 1153 1845 1230 Homine,
1872 1155 1984 1236 qui
2016 1164 2124 1219 est
2150 1153 2439 1230 caelum,
2469 1155 2538 1218 in
2570 1155 2799 1236 capite

541 1259 726 1324 sunt,
754 1251 822 1313 in
857 1251 1043 1314 omni
1075 1250 1260 1313 bono
1287 1269 1450 1331 prae
1475 1247 1751 1332 reliquis
1782 1258 1942 1313 sunt
1970 1270 1987 1328 ;
2036 1259 2199 1312 sunt
2230 1251 2410 1313 enim
2444 1251 2510 1314 in
2538 1270 2794 1323 amore.

540 1364 733 1426 pace,
782 1345 1200 1420 innocentia,
1251 1343 1612 1425 sapientia,
1653 1342 2143 1425 intelligentia,
2183 1354 2256 1407 et
2316 1345 2475 1408 inde
2534 1345 2793 1427 gaudio

541 1447 613 1502 et
659 1438 1032 1517 felicitate;
1092 1439 1162 1502 hi
1200 1439 1487 1502 influunt
1539 1439 1608 1502 in
1653 1448 1885 1519 caput,
1920 1448 1993 1503 et
2052 1439 2119 1503 in
2180 1439 2301 1503 illa
2336 1459 2511 1522 quae
2547 1441 2799 1520 capitis

542 1543 703 1597 sunt
723 1533 904 1616 apud
930 1534 1402 1608 hominem,·et
1427 1532 1560 1596 illis
1582 1533 2148 1614 correspondent.
2232 1532 2365 1615 Qui
2390 1535 2455 1599 in
2484 1533 2796 1600 Maximo

544 1628 868 1702 Homine,
904 1630 1017 1712 qui
1048 1638 1158 1692 est
1191 1628 1480 1702 caelum,
1507 1629 1576 1691 in
1610 1625 1890 1709 pectore
1914 1640 2097 1705 sunt,
2126 1629 2193 1693 in
2223 1630 2412 1693 bono
2436 1631 2795 1695 charitatis

543 1732 617 1788 et
655 1723 812 1787 fidei
851 1734 1034 1799 sunt,
1069 1734 1144 1789 et
1181 1744 1450 1806 quoque
1490 1721 1775 1787 influunt
1811 1725 1877 1786 in
1918 1721 2156 1805 pectus
2182 1724 2497 1800 hominis,
2539 1736 2611 1791 et
2636 1747 2791 1790 cor·

539 1818 963 1900 respondent
995 1817 1115 1882 illi.
1207 1817 1342 1898 Qui
1380 1828 1611 1882 autem
1651 1819 1720 1881 in
1759 1817 2071 1884 Maximo
2111 1819 2415 1884 Homine
2446 1841 2566 1885 seu
2597 1821 2794 1886 caelo

539 1913 609 1976 in
669 1912 937 1989 lumbiS,
988 1923 1060 1977 et
1101 1915 1170 1976 in
1225 1914 1502 1995 organis
1556 1915 1990 1995 generationi
2038 1915 2285 1977 dicatis
2334 1912 2447 1990 ibi,
2495 1926 2675 1991 sunt,
2722 1918 2792 1980 in

537 2028 771 2072 amore
817 2007 1190 2090 conjugiali
1244 2018 1425 2072 sunt.
1519 2006 1652 2090 Qui
1708 2007 1776 2071 in
1832 2009 2141 2090 pedibus,
2190 2009 2259 2073 in
2312 2009 2500 2074 bono
2545 2009 2790 2076 ultimo

537 2103 732 2178 caeli,
774 2104 955 2186 quod
995 2103 1251 2166 bonum
1291 2103 1604 2167 naturale
1643 2102 1999 2185 spirituale
2038 2112 2347 2180 vocatur,
2384 2112 2565 2168 sunt.
2654 2104 2791 2188 Qui

536 2199 604 2262 in
630 2199 926 2262 brachiis
959 2208 1030 2262 et
1063 2199 1399 2275 manibus,
1428 2199 1494 2260 in
1527 2199 1848 2280 potentia
1872 2198 2013 2262 veri
2046 2219 2136 2262 ex
2168 2199 2356 2262 bono
2381 2210 2563 2264 sunt.
2656 2198 2789 2282 Qui

537 2293 606 2358 in
644 2292 886 2370 oculis,
928 2294 994 2356 in
1034 2291 1396 2357 intellectu
1433 2303 1616 2356 sunt.
1710 2291 1845 2375 Qui
1890 2293 1957 2357 in
1998 2294 2293 2369 auribus,
2334 2294 2401 2356 in
2438 2295 2785 2359 ausculta·

538 2390 729 2454 tione
767 2397 841 2453 et
879 2388 1280 2452 obedientia
1319 2397 1500 2451 sunt.
1592 2386 1728 2469 Qui
1775 2389 1840 2450 in
1890 2389 2186 2463 naribuS,
2228 2389 2294 2452 in
2342 2390 2789 2472 perceptione

539 2495 718 2547 sunt.
811 2483 944 2564 Qui
997 2484 1066 2547 in
1121 2504 1237 2547 ore
1284 2492 1355 2546 et
1401 2482 1655 2564 lingua,
1706 2483 1771 2544 in
1820 2483 2402 2569 sermocinatione
2448 2503 2537 2546 ex
2583 2484 2786 2548 intel-

493 2585 504 2600 “
535 2575 719 2644 lectu
739 2587 810 2642 et
837 2579 1278 2661 perceptione
1299 2587 1478 2641 sunt.
1571 2575 1707 2660 Qui
1732 2577 1798 2640 in
1818 2578 2115 2652 renibus,
2139 2579 2207 2641 in
2233 2598 2396 2641 vero
2421 2577 2782 2656 lustrante,

535 2683 938 2740 secernente
977 2684 1049 2738 et
1094 2675 1491 2755 castigante
1537 2683 1718 2737 sunt.
1812 2672 1947 2755 Qui
1993 2674 2060 2737 in
2098 2674 2374 2756 hepate,
2414 2684 2785 2756 pancreate

534 2780 608 2834 et
668 2770 847 2834 liene
907 2778 1090 2845 sunt,
1139 2770 1207 2831 in
1269 2768 1744 2851 purificatione
1803 2768 1967 2832 boni
2027 2777 2097 2833 et
2152 2769 2295 2831 veri
2350 2769 2536 2831 varia
2600 2778 2783 2857 fiunt.

535 2864 768 2929 Aliter
811 2865 879 2927 in
926 2863 1222 2945 reliquis.
1317 2862 1615 2927 Influunt
1662 2864 1731 2926 in
1778 2862 2025 2927 similia
2070 2864 2389 2937 hominis,
2431 2873 2505 2928 et
2553 2884 2782 2929 corre-

535 2958 884 3042 spondent
931 2958 1088 3022 illis.
1181 2957 1487 3021 Influxus
1539 2954 1717 3022 caeli
1772 2968 1881 3023 est
1936 2959 2004 3022 in
2059 2956 2442 3022 functiones
2492 2968 2564 3023 et
2624 2980 2783 3023 usus

536 3055 1038 3131 membrorum;
1101 3072 1178 3115 ac
1227 3074 1407 3127 usuS,
1457 3054 1613 3136 quia
1659 3075 1750 3117 ex
1800 3052 2133 3136 spirituali
2180 3054 2438 3118 mundo
2477 3064 2663 3131 sunt,
2704 3074 2782 3119 se

533 3149 834 3212 formant
883 3168 1001 3229 per
1047 3146 1217 3212 talia
1261 3168 1434 3231 quae
1481 3149 1548 3211 in
1596 3149 1893 3214 naturali
1932 3149 2187 3213 mundo
2224 3159 2407 3225 sunt,
2447 3158 2521 3213 et
2565 3150 2661 3214 sic
2706 3170 2784 3215 se

534 3246 788 3309 sistunt
825 3244 892 3307 in
930 3241 1214 3307 effectu:
1265 3245 1424 3308 inde
1463 3254 1570 3309 est
1608 3245 2247 3327 correspondentia.

661 3352 802 3422 97.
863 3338 1035 3402 Inde
1069 3348 1200 3415 est,
1235 3341 1416 3423 quod
1451 3360 1570 3423 per
1601 3340 1847 3405 eadem
1880 3338 1998 3403 illa
2032 3340 2359 3415 membra,
2394 3359 2676 3423 organa,
2710 3350 2783 3407 et

531 3434 816 3510 viscera,
864 3434 935 3497 in
995 3432 1234 3497 Verbo
1288 3434 1763 3517 significentur
1820 3434 2088 3511 similia,
2138 3434 2533 3517 significant
2592 3436 2776 3500 enim

532 3531 763 3593 omnia
808 3530 898 3593 ibi
935 3530 1312 3593 secundum
1350 3530 2037 3613 correspondentias:
2100 3550 2225 3612 per
2264 3530 2580 3612 “caput”
2616 3530 2777 3595 inde

531 3624 955 3708 significatur
987 3623 1448 3707 intelligentia
1483 3635 1554 3690 et
1587 3626 1966 3708 sapientia;
2015 3646 2135 3708 per
2168 3630 2211 3658 ‘⁸
2232 3621 2521 3709 pessusss'
2546 3624 2775 3690 chari·

1332 3842 1410 3894 (ιι
1433 3850 1630 3883 uenam
1653 3840 1979 3893 mamm)

637 3943 820 4017 Quod
859 3958 966 3999 cor
999 3944 1467 4014 correspondeat
1497 3942 1613 3997 illis
1692 3942 1753 3997 ui
1794 3942 1853 3996 in
1893 3958 2078 4015 regno
2108 3941 2347 3998 caelesti
2378 3952 2536 4005 sunt,
2567 3942 2777 4013 pulmo

529 4025 729 4071 autem
758 4014 875 4070 illis
899 4015 1002 4086 qui
1029 4014 1087 4069 in
1118 4030 1304 4086 regno
1328 4012 1621 4084 spirituali
1649 3958 1733 4083 2¹¹·
1764 4012 2123 4083 3885-3887).

637 4084 817 4157 Quod
847 4084 906 4140 in
933 4087 1101 4140 caelo
1125 4086 1206 4141 sit
1230 4085 1433 4156 pulsus
1450 4084 1644 4155 qualis
1667 4083 1884 4148 cordis,
1904 4095 1968 4141 et
1990 4082 2305 4155 respiratio
2324 4083 2519 4155 qualis
2540 4084 2774 4154 pulmo-

529 4172 692 4217 num,
718 4156 823 4213 sed
853 4156 1168 4211 interiores
1197 4159 1276 4224 (n.
1305 4154 1460 4224 3884,
1490 4154 1644 4224 3885,
1673 4152 1855 4223 3887).

637 4224 816 4298 Quod
844 4228 1050 4297 pulsus
1073 4226 1271 4281 cordis
1303 4226 1384 4280 ibi
1415 4226 1495 4280 sit
1524 4225 1725 4279 varius
1748 4226 2079 4280 secundum
2106 4234 2299 4279 status
2322 4224 2560 4288 amoris,
2585 4233 2651 4279 et
2682 4240 2773 4279 re·

529 4296 779 4368 spiratio
802 4298 1134 4352 secundum
1160 4306 1353 4352 status
1377 4295 1689 4351 charitatis
1714 4305 1776 4352 et
1802 4294 1941 4350 fidei
1973 4299 2053 4363 (n.
2083 4295 2235 4365 3886,
2264 4295 2418 4364 3887,
2446 4294 2629 4365 3889).

638 4365 808 4422 “Cor
825 4367 857 4389 ”
883 4369 1046 4437 quod
1081 4368 1140 4421 in
1172 4366 1374 4422 Verbo
1403 4367 1483 4423 sit
1521 4365 1819 4427 voluntas.
1854 4365 1939 4423 ita
1967 4374 2089 4421 “ex
2122 4365 2353 4421 corde''
2378 4367 2542 4438 quod
2580 4365 2662 4421 sit
2696 4380 2773 4421 ex

529 4436 844 4493 voluntate
872 4439 953 4507 (n.
981 4452 1137 4507 2930,
1165 4450 1322 4507 7542,
1353 4436 1384 4491 8
1431 4453 1510 4499 ιο.
1536 4452 1695 4507 9¹13·
1731 4452 1795 4491 10
1832 4438 1945 4505 36).

637 4504 817 4578 Quod
855 4508 1036 4565 etiam
1065 4508 1263 4563 “cor'’
1291 4508 1352 4562 in
1446 4509 1590 4563 erbo
1620 4506 1775 4580 signi
1820 4517 1919 4563 cet
1954 4522 2239 4571 amorem,
2272 4507 2357 4563 ita
2380 4514 2503 4564 “ex
2538 4505 2770 4563 corde”

529 4578 693 4651 quod
721 4579 800 4635 sit
823 4594 898 4634 ex
922 4594 1128 4635 amore
1153 4578 1235 4647 (n.
1259 4590 1292 4646 7
1301 4590 1419 4649 342,
1445 4590 1602 4649 9050,
1635 4578 1853 4649 10336).
