3371 5304
632 613 945 666 casum
977 613 1074 664 m·
1107 609 1510 664 lum-:numu
1542 611 1739 664 sum·
1766 609 1871 662 Ex
1901 606 2239 662 Humano
2269 609 2595 661 GENERE.
2678 597 2751 662 18
2760 613 2791 680 5

559 785 718 850 talis
753 785 844 850 sit
881 795 958 850 ut
989 802 1324 868 nusquum
1359 781 1616 866 aliquid
1651 782 1713 846 ei
1750 781 2134 863 comparari
2162 789 2374 864 queat
2402 777 2631 862 quoad
2668 799 2797 844 ex-

562 880 980 956 cellentiam,
1013 875 1335 964 quoniam
1381 878 1634 942 Divina
1667 877 2008 960 sapientia
2051 893 2191 938 non
2228 874 2453 938 solum
2490 875 2559 937 in
2606 873 2799 938 omni

560 995 764 1040 sensu
800 976 916 1052 ibi,
956 977 1075 1039 sed
1121 975 1334 1042 etiam
1377 976 1448 1038 in
1493 975 1765 1057 singula
1808 993 2007 1047 voce,
2048 971 2269 1049 latet;
2333 978 2405 1034 et
2450 969 2635 1052 quod
2681 969 2799 1033 illa

559 1071 898 1151 sapientia
933 1071 1204 1136 eluceat
1247 1071 1316 1133 in
1353 1069 1592 1134 caelo:
1654 1069 2020 1132 voluerunt
2056 1067 2283 1131 dicere
2320 1065 2503 1149 quod
2548 1066 2637 1128 sit
2678 1065 2798 1130 lux

558 1163 753 1241 caeli,
795 1166 955 1247 quia
989 1174 1101 1230 est
1149 1165 1470 1229 Divinum
1509 1165 1817 1245 Verum3
1865 1183 2025 1229 nam
2064 1163 2391 1227 Divinum
2431 1160 2691 1226 Verum
2730 1163 2797 1226 in

559 1257 760 1324 caelo
817 1261 1004 1324 lucet
1069 1259 1417 1343 (videatur
1474 1281 1699 1344 supra,
1758 1278 1822 1323 n.
1890 1259 2064 1340 132).
2154 1257 2499 1320 Dixerunt
2558 1258 2793 1334 etiam,

556 1353 742 1437 quod
779 1354 1040 1436 absque
1083 1354 1209 1418 tali
1248 1353 1488 1418 Verbo
1525 1353 1715 1418 nulla
1748 1353 1928 1418 foret
1974 1353 2095 1415 lux
2134 1351 2308 1416 caeli
2346 1351 2528 1434 apud
2574 1351 2795 1416 homi·-

559 1467 682 1511 nes
711 1457 993 1514 nostrae
1025 1444 1312 1524 telluris,
1345 1449 1444 1513 ita
1475 1469 1600 1513 nec
1633 1442 2023 1529 conjunctio
2054 1446 2228 1512 caeli
2260 1465 2415 1510 cnm
2444 1445 2601 1522 illis,
2638 1463 2795 1510 nam

557 1553 890 1624 quantum
927 1543 1050 1607 lux
1087 1543 1260 1608 caeli
1295 1544 1496 1608 adest
1531 1543 1713 1626 apud
1748 1543 2123 1617 hominem,
2160 1552 2434 1606 tantum
2472 1551 2582 1606 est
2625 1561 2793 1606 con·

553 1635 832 1717 junctio,
871 1645 945 1702 et
983 1656 1252 1722 quoque
1287 1648 1564 1701 tantum
1601 1649 1711 1701 est
1747 1637 1811 1701 ei
1840 1637 2175 1701 revelatio
2207 1637 2435 1700 Divini
2472 1633 2637 1700 Veri
2675 1655 2798 1719 per

557 1730 904 1796 Verbum:
964 1731 1152 1815 quod
1197 1731 1410 1796 homo
1455 1751 1594 1796 non
1639 1734 1816 1798 sciat
1862 1733 2044 1816 quod
2090 1729 2478 1815 conjunctio
2542 1731 2661 1796 illa
2704 1731 2794 1796 sit

558 1845 678 1908 per
705 1843 986 1890 sensum
1017 1826 1446 1909 spiritualem
1473 1825 1688 1892 Verbi
1711 1829 2369 1912 correspondentem
2394 1826 2621 1891 sensui
2653 1825 2795 1908 ejus
2912 1899 2925 1915 ι

557 1921 872 1998 naturali,
913 1931 1022 1986 est
1065 1941 1294 1998 causa,
1334 1923 1492 2005 quia
1525 1921 1737 1987 homo
1771 1921 1967 2006 hujus
2003 1923 2269 1987 telluris
2306 1943 2443 1987 non
2491 1923 2625 1986 scit
2668 1921 2794 1987 ali-

556 2015 717 2098 quid
773 2013 864 2080 de
921 2015 1256 2098 spirituali
1301 2015 1706 2098 angelorum
1751 2018 2181 2099 cogitatione
2241 2026 2314 2082 et
2372 2011 2670 2100 loquela,
2718 2023 2793 2080 et

556 2109 738 2192 quod
761 2110 853 2174 sit
873 2110 1144 2175 diversa
1167 2131 1208 2174 a
1231 2111 1526 2174 naturali
1547 2111 1901 2176 hominum
1928 2113 2355 2195 cogitatione
2378 2121 2453 2176 et
2476 2109 2748 2193 loquela
2773 2129 2792 2189 3

555 2213 630 2268 et
673 2205 801 2268 nisi
847 2203 916 2268 id
955 2204 1130 2268 sciat
1167 2205 1352 2289 quod
1390 2223 1664 2290 prorsus
1706 2226 1843 2271 non
1882 2209 2053 2272 scire
2091 2209 2312 2291 possit
2348 2207 2509 2292 quid
2546 2223 2791 2270 sensus

553 2299 886 2374 internus,
919 2307 993 2363 et
1029 2299 1190 2363 inde
1227 2299 1412 2383 quod
1449 2301 1795 2383 perillum
1831 2301 1995 2366 talis
2026 2299 2415 2384 conjunctio
2446 2300 2591 2366 dari
2628 2319 2791 2384 pos·

555 2395 666 2458 sit.
753 2393 1102 2460 Dixerunt
1137 2397 1370 2471 etiam,
1411 2397 1468 2460 si
1506 2395 1717 2460 homo
1747 2398 1954 2461 sciret
1986 2398 2171 2481 quod
2208 2396 2367 2462 talis
2399 2417 2639 2462 sensus
2676 2397 2787 2472 sit,

555 2497 625 2553 et
685 2509 776 2552 ex
835 2487 1062 2572 aliqua
1106 2489 1250 2571 ejus
1295 2491 1587 2554 scientia
1631 2493 1979 2574 cogitaret
2034 2511 2191 2557 cum
2237 2493 2411 2576 legit
2456 2490 2785 2568 Verbum,

554 2584 736 2668 quod
768 2585 1034 2648 venire-t
1073 2585 1140 2647 in
1178 2585 1589 2668 sapientiam
1621 2586 2038 2663 interiorem,
2074 2598 2145 2652 et
2184 2586 2337 2673 plus
2368 2585 2589 2652 adhuc
2623 2607 2789 2651 con·

550 2677 950 2760 jungeretur
979 2678 1196 2756 caelo,
1235 2681 1555 2763 quoniam
1585 2698 1707 2765 per
1741 2681 1811 2746 id
1846 2681 1917 2745 in
1952 2681 2144 2747 ideas
2172 2680 2431 2747 similes
2458 2682 2789 2767 angelicis

555 2773 862 2839 intraret.

1485 3219 1851 3307 [xxxv]

555 3420 780 3505 Quon
832 3422 1159 3490 Canum
1211 3438 1310 3489 m·
1365 3426 1775 3491 INFERNUM
1826 3440 2001 3491 suu·
2052 3442 2157 3493 Ex
2219 3426 2569 3493 Humano
2634 3425 2783 3495 Gr:-

1553 3534 1785 3587 NERE.

673 3715 860 3783 311.
917 3700 1000 3765 In
1031 3699 1425 3768 Christiano
1449 3704 1616 3767 orbe
1645 3723 1923 3786 prorsus
1950 3704 2269 3781 nescitur,
2302 3715 2486 3788 quod
2516 3705 2785 3771 caelum

551 3802 624 3859 et
660 3794 996 3861 infernum
1035 3796 1173 3860 sint
1208 3816 1298 3862 ex
1330 3795 1633 3862 humano
1675 3816 1967 3881 genere:
2018 3800 2319 3863 creditur
2354 3801 2557 3875 enim,
2597 3802 2785 3883 quod

550 3888 779 3971 angeli
816 3890 1066 3955 fuerint
1103 3912 1146 3957 a
1180 3892 1514 3975 principio
1550 3894 1785 3968 creati,
1818 3903 1891 3958 et
1927 3894 2111 3978 quod
2148 3893 2309 3958 inde
2338 3893 2607 3960 caelum
2639 3917 2656 3974 ;
2703 3916 2785 3961 ac

550 3985 732 4066 quod
782 3984 1117 4050 Diabolus
1153 4007 1274 4051 seu
1310 3985 1608 4051 Satanas
1644 3988 1844 4052 fuerit
1882 3987 2054 4053 lucis
2090 3988 2423 4072 angelus;
2468 3990 2593 4053 sed
2628 3990 2786 4073 quia

549 4077 824 4141 rebellis
869 4076 1110 4157 fastus»,
1151 4101 1306 4147 cum
1351 4084 1552 4147 turba
1597 4104 1721 4146 sua
1764 4080 2069 4164 dejectus
2114 4085 2227 4159 sit,
2275 4093 2348 4148 et
2394 4084 2579 4167 quod
2624 4085 2785 4150 inde

549 4171 905 4237 infernum.
996 4174 1202 4257 Quod
1237 4176 1394 4241 talis
1429 4174 1598 4243 fides
1633 4179 1703 4243 in
1742 4176 2138 4244 Christiano
2174 4179 2341 4243 orbe
2377 4180 2491 4254 sit,
2526 4182 2781 4244 miran-

548 4278 658 4330 tur
701 4268 934 4351 angeli
972 4290 1176 4353 quam
1221 4273 1571 4351 maxime;
1631 4281 1705 4337 et
1752 4274 1971 4337 adhuc
2018 4274 2241 4356 magis
2286 4274 2469 4357 quod
2504 4291 2781 4357 prorsus

551 4362 714 4425 nihil
752 4364 980 4429 sciant
1014 4365 1102 4429 de
1139 4366 1356 4443 caele,
1389 4387 1544 4432 cum
1583 4379 1817 4432 tamen
1855 4369 1923 4432 id
1962 4378 2071 4432 est
2108 4370 2497 4453 primarium
2529 4368 2781 4434 doctri·

551 4474 678 4517 nae
741 4455 812 4520 in
869 4457 1203 4523 ecclesia:
1266 4469 1338 4526 et
1395 4462 1554 4544 quia
1609 4462 1771 4525 talis
1816 4464 2205 4544 ignorantia
2256 4473 2525 4545 regnat,
2574 4464 2783 4529 corde

547 4550 766 4630 gavisi
825 4562 1008 4630 sunt,
1062 4555 1244 4637 quod
1309 4554 1643 4639 placuerit
1704 4557 2003 4621 Domino
2062 4578 2239 4623 nunc
2293 4559 2595 4624 revelare
2648 4559 2783 4623 illis
