3371 5304
808 637 1124 690 CAELUM
1168 637 1306 690 EST
1353 634 1579 690 nouo
1622 636 1725 688 Ex
1773 634 2045 688 mvmo
2092 633 2450 688 nummo.
2708 637 2798 701 49

554 817 826 874 mentes
871 810 1128 892 absque
1171 810 1410 884 forma,
1461 829 1585 873 nec
1634 817 2007 893 pneumata
2051 809 2399 884 aetherea,
2440 807 2564 871 sed
2609 809 2791 891 quod

550 903 689 966 sint
721 901 1040 966 homines
1077 902 1142 965 in
1180 901 1428 984 effigie,
1465 911 1537 965 et
1574 901 1756 984 quod
1788 901 2094 977 videant,
2128 900 2435 977 audiant,
2472 909 2543 965 et
2578 903 2792 965 senti-

549 1004 674 1058 ant
712 1014 929 1079 aeque
965 992 1185 1058 ac‘illi
1224 995 1338 1077 qui
1375 995 1442 1056 in
1482 989 1819 1058 mundo.(‘)

1573 1404 1760 1490 [XL]

547 1588 776 1674 QUOD
813 1591 1140 1658 CAELUM
1185 1607 1268 1656 IN
1315 1605 1522 1656 ‘ro-ro
1569 1605 1664 1656 ET
1710 1606 1796 1656 IN
1842 1605 2090 1656 PARTE
2130 1605 2486 1656 nni-’ERAT
2535 1592 2784 1657 Hom-

735 1701 924 1766 NEM,
967 1699 1178 1766 Quon
1223 1702 1340 1752 srr
1386 1701 1487 1752 Ex
1537 1687 1827 1752 D1vmo
1876 1687 2223 1752 HUMANo
2270 1687 2590 1752 Domm.

667 1873 804 1958 78·
864 1872 1069 1956 Quod
1102 1873 1370 1938 caelum
1402 1875 1469 1938 in
1505 1884 1661 1939 toto
1694 1883 1767 1939 et
1805 1875 1870 1937 in
1904 1883 2100 1957 parte
2132 1872 2380 1938 referat
2412 1873 2783 1946 hominem.

543 1964 724 2047 quod
761 1967 855 2030 sit
892 1986 983 2029 ex
1022 1964 1276 2030 Divino
1325 1966 1650 2031 Humano
1689 1966 1991 2040 Domini,
2033 1967 2337 2047 sequitur
2382 1975 2456 2029 ut
2504 1964 2781 2029 conclu-

540 2075 686 2120 sum
719 2077 810 2120 ex
843 2057 1159 2122 omnibus
1185 2058 1341 2133 illis,
1370 2080 1541 2142 quae
1573 2059 1641 2121 in
1675 2057 2245 2141 praecedentibus
2272 2057 2577 2121 articulis
2603 2055 2785 2120 dicta

538 2157 611 2212 et
643 2159 928 2212 ostensa
959 2160 1138 2213 sunt.
1225 2150 1305 2212 In
1329 2150 1636 2214 articulis
1669 2149 2245 2233 praecedentibus
2270 2159 2623 2213 ostensum
2650 2160 2779 2222 est,

544 2238 648 2322 (i.)
719 2238 925 2322 Quod
967 2239 1301 2305 Dominus
1348 2243 1438 2306 sit
1486 2242 1676 2305 Deus
1722 2241 1933 2305 caeli:
2016 2239 2143 2323 (ii.)
2207 2238 2412 2322 Quod
2461 2241 2781 2304 Divinum

541 2331 818 2395 Domini
871 2332 1076 2396 faciat
1125 2333 1428 2396 caelum:
1512 2331 1662 2417 (iii.)
1728 2331 1935 2415 Quod
1982 2332 2247 2396 caelum
2298 2335 2636 2397 consistat
2690 2353 2781 2396 ex

539 2424 905 2488 innumeris
960 2425 1457 2503 societatibus3
1525 2435 1596 2490 et
1643 2426 1825 2507 quod
1874 2426 2293 2508 unaquaevis
2346 2425 2645 2488 societas
2690 2425 2781 2488 sit

537 2514 803 2578 caelum
824 2517 892 2579 in
916 2517 1176 2580 minore
1195 2517 1412 2580 forma
1441 2538 1457 2595 ;
1491 2527 1560 2580 et
1581 2519 2041 2600 unusquisque
2062 2516 2349 2598 angelus
2373 2516 2440 2579 in
2464 2517 2777 2579 minima:

543 2603 690 2691 (iv.)
761 2606 968 2689 Quod
1021 2609 1412 2673 universum
1466 2609 1733 2673 caelum
1796 2610 1861 2673 in
1918 2629 2053 2673 uno
2107 2608 2480 2693 complexu
2533 2607 2779 2672 referat

538 2718 740 2763 unum
780 2699 1172 2767 hominem:
1246 2699 1370 2784 (v.)
1422 2700 1626 2783 Quod
1666 2702 2087 2783 unaquaevis
2126 2703 2425 2765 societas
2462 2701 2531 2764 in
2568 2701 2780 2764 caelis

535 2792 746 2855 etiam
784 2790 1037 2856 reserat
1073 2811 1279 2858 unum
1317 2793 1666 2857 hominem
1697 2812 1711 2856 ε
1780 2791 1930 2876 (vi.)
1981 2791 2186 2875 Quod
2224 2793 2381 2858 inde
2422 2794 2779 2875 unusquis-

535 2903 664 2966 que
701 2884 992 2965 angelus
1036 2885 1130 2949 sit
1174 2886 1240 2948 in
1288 2883 1588 2968 perfecta
1632 2884 1850 2949 forma
1895 2886 2213 2949 humana.
2308 2884 2500 2948 Haec
2549 2886 2779 2948 omnia

534 2976 977 3051 concludunt,
1000 2976 1184 3059 quod
1210 2976 1553 3052 Divinum,
1581 2978 1740 3060 quia
1761 2976 1927 3041 facit
1952 2977 2242 3051 caelum,
2266 2978 2355 3040 sit
2382 2976 2775 3040 Humanum

533 3068 598 3130 in
635 3068 874 3131 forma.
965 3066 1170 3149 Quod
1208 3067 1339 3132 hoc
1387 3070 1478 3132 sit
1527 3067 1850 3133 Divinum
1904 3069 2301 3132 Humanum
2341 3068 2643 3144 Domini,
2683 3090 2779 3133 ex

532 3158 664 3222 illis
689 3179 864 3242 quae
889 3158 1047 3223 loco
1071 3159 1414 3224 corollarii
1436 3181 1536 3223 ex·
1552 3160 1614 3223 A
1627 3160 1853 3223 rcanis
1878 3160 2292 3225 caelestibus
2324 3170 2681 3243 assumpta
2704 3170 2775 3225 et

531 3250 793 3315 collata
819 3260 994 3326 sunt,
1018 3251 1243 3316 adhuc
1270 3251 1520 3316 clarius
1543 3252 1759 3315 videri
1785 3262 2042 3335 potest,
2067 3253 2223 3334 quia
2248 3253 2314 3315 in
2342 3253 2775 3335 compendio.

533 3342 736 3425 Quod
779 3343 1174 3407 Humanum
1219 3343 1498 3407 Domini
1547 3345 1638 3408 sit
1685 3343 2031 3419 Divinum,
2072 3356 2145 3409 et
2185 3364 2320 3407 non
2370 3345 2549 3408 sicut
2594 3344 2775 3409 intra

531 3435 895 3499 ecclesiam
920 3436 1236 3511 creditur,
1259 3436 1443 3518 quod
1472 3435 1871 3499 Humanum
1898 3435 2119 3518 Ipsius
2147 3456 2284 3500 non
2310 3437 2400 3500 sit
2427 3434 2771 3507 Divinum.

531 3529 740 3591 etiam
777 3548 818 3591 a
850 3526 1178 3591 Collectis
1211 3527 1345 3592 illis
1377 3528 1594 3591 videri
1626 3536 1883 3612 potest,
1920 3538 1992 3592 et
2025 3549 2294 3611 quoque
2326 3549 2416 3591 ex
2432 3528 2775 3591 'Doc‘Zrina

532 3618 820 3699 Sanciae
851 3618 1355 3701 Hierosohtmae
1387 3621 1474 3683 ad
1515 3617 1743 3695 finem,
1786 3621 1897 3684 ubi
1936 3620 2165 3703 agitur
2202 3620 2287 3683 de
2321 3619 2641 3683 Domino.

653 3726 794 3795 79.
855 3709 1058 3792 Quod
1106 3711 1206 3775 ita
1250 3712 1362 3784 sit,
1403 3732 1494 3775 ex
1532 3711 1705 3795 pluri
1744 3713 2177 3793 experientia
2224 3711 2387 3774 mihi
2433 3720 2771 3775 testatum

527 3798 782 3865 fastum
828 3813 962 3876 est,
1004 3803 1091 3866 de
1136 3823 1271 3884 qua
1315 3803 1570 3886 aliquid
1617 3806 1687 3867 in
1733 3824 1913 3867 nunc
1952 3804 2417 3886 sequentibus.
2510 3801 2772 3867 Omnes

528 3894 756 3977 angeli
789 3895 901 3977 qui
939 3895 1006 3957 in
1045 3895 1255 3959 caelis
1287 3905 1467 3971 sunt,
1504 3915 1839 3978 nusquam
1872 3896 2193 3959 Divinum
2232 3895 2358 3958 sub
2390 3896 2525 3959 alia
2553 3894 2771 3959 forma

528 4006 730 4068 quam
772 3985 1094 4050 Humana
1141 3987 1568 4070 percipiunt;
1629 3997 1701 4051 et
1749 3988 1931 4071 quod
1980 3989 2244 4061 mirum,
2286 3988 2397 4069 qui
2443 3988 2510 4050 in
2558 3985 2769 4051 caelis

1323 4174 1400 4225 (ιχ
1425 4186 1620 4217 amma
1643 4176 1969 4229 mmm)

634 4267 707 4335 (c)
757 4264 955 4353 Quod
967 4266 1377 4353 unusquisque
1403 4268 1665 4339 angelus,
1738 4268 1839 4323 uia
1862 4278 1956 4323 est
1982 4267 2275 4338 recipiens
2308 4265 2511 4322 Divini
2538 4266 2769 4323 ordinis

526 4353 561 4392 a
591 4336 874 4402 Domino,
899 4338 978 4393 sit
1006 4338 1065 4393 in
1092 4337 1356 4393 humana
1380 4338 1574 4395 forma
1598 4354 1709 4409 per
1731 4338 1867 4394 esta
1890 4349 1954 4394 et
1979 4340 2185 4409 pulcra
2208 4339 2537 4393 secundum
2566 4353 2768 4409 recep-

526 4409 754 4463 tionem
796 4411 878 4477 (n-
909 4424 1032 4479 322
1069 4408 1220 4471 1880
1259 4409 1409 4471 1881
1450 4410 1606 4479 3633
1639 4410 1796 4479 380⁴-
1826 4409 1985 4478 4622
2017 4422 2175 4479 4735
2213 4422 2371 4479 4797
2408 4408 2567 4479 498⁵
2611 4422 2767 4479 5199

459 4476 466 4485 ’
529 4492 684 4549 5530
629 4478 899 4622 ρωῦἒὲῴ
894 4480 1519 4565 2879·10¹77·10594)·

843 4550 1130 4605 Divinum
1155 4566 1365 4607 verum
1397 4552 1477 4607 sit
1507 4568 1614 4623 per
1641 4550 1807 4622 quod
1833 4552 2002 4613 ordo,
2029 4561 2092 4607 et
2124 4550 2407 4607 Divinum
2436 4551 2660 4606 bonum
2688 4551 2767 4605 sit

523 4548 840 4679 essentiale
865 4620 1096 4678 ordinis
1124 4624 1204 4690 (n.
1226 4634 1382 4694 245¹·
1404 4622 1559 4692 3166,
1585 4636 1743 4693 4390.
1763 4636 1924 4692 4409,
1955 4635 2107 4692 5²32·
2134 4622 2291 4691 7256,
2326 4636 2516 4684 10122.
2552 4625 2763 4691 10555)
