3371 5304
790 620 1015 674 nouo
1059 621 1243 673 Ροετ
1292 621 1627 673 MORTEM
1672 621 1812 675 Es‘r
1857 622 1940 676 m
1986 621 2187 675 oum
2233 622 2486 675 sENsu.
2651 610 2773 693 285

528 814 704 877 quae
749 800 859 858 est
906 800 1051 857 tam
1098 788 1497 859 intelle6tus
1542 810 1746 874 quam
1793 789 2216 871 voluntatis;
2283 791 2443 857 inde
2487 792 2558 856 in
2601 812 2776 857 sono

526 898 602 953 et
647 888 931 953 vocibus
978 888 1326 971 loquentis
1371 888 1856 971 appercipiunt
1897 887 2357 954 minutissima
2400 886 2776 953 affectionis

524 992 600 1049 et
638 982 1083 1067 cogitationis
1112 980 1277 1065 ejus,
1310 982 1383 1046 in
1413 1002 1592 1047 sono
1623 980 1745 1046 illa
1774 1002 1948 1066 quae
1979 980 2358 1050 affectionis
2389 992 2570 1058 sunt,
2603 992 2677 1047 et
2707 986 2777 1047 in

524 1079 809 1145 vocibus
840 1076 960 1144 illa
988 1098 1163 1163 quae
1196 1076 1645 1160 cogitationis
1680 1076 2027 1160 (videatur
2057 1097 2280 1160 supra,
2309 1097 2374 1141 n.
2410 1076 2734 1160 234-245)
2761 1100 2776 1155 ;

524 1174 650 1239 sed
693 1174 937 1258 reliqui
980 1194 1225 1239 sensus
1270 1174 1451 1257 apud
1500 1173 1793 1255 angelos
1845 1192 1988 1237 non
2047 1180 2194 1237 tam
2241 1172 2568 1256 exquisiti
2614 1182 2778 1237 sunt

524 1271 702 1335 sicut
739 1290 983 1335 sensus
1019 1271 1203 1335 visus
1238 1278 1312 1333 et
1352 1270 1650 1345 auditus,
1691 1290 1784 1333 ex
1821 1288 2032 1336 causa
2058 1271 2217 1353 quia
2252 1269 2436 1335 visus
2473 1279 2546 1333 et
2583 1270 2774 1333 audi-

525 1376 639 1430 tus
674 1367 1051 1431 inserviunt
1088 1365 1597 1449 intelligentiae
1634 1374 1710 1431 et
1755 1366 2133 1449 sapientiae
2169 1383 2428 1440 eorum,
2467 1366 2592 1429 sed
2637 1384 2778 1429 non

524 1460 783 1547 reliqui,
831 1462 945 1546 qui
1004 1462 1063 1525 si
1119 1462 1187 1525 in
1242 1460 1447 1525 simili
1493 1460 1714 1543 gradu
1759 1461 2090 1545 exquisiti
2133 1460 2384 1535 forent,
2433 1459 2776 1525 auferrent

526 1556 749 1621 lucem
796 1566 869 1621 et
905 1556 1277 1638 jucundum
1316 1557 1700 1640 sapientiae
1739 1575 1998 1633 eorum,
2039 1574 2120 1621 ae
2167 1555 2497 1621 inferrent
2532 1554 2776 1637 jucun-

526 1652 687 1716 dum
734 1652 1173 1736 voluptatum
1219 1672 1393 1736 quae
1438 1653 1780 1718 variorum
1824 1651 2260 1736 appetituum
2313 1660 2386 1715 et
2447 1652 2774 1734 corporis,

525 1767 699 1830 quae
759 1757 1034 1813 tantum
1076 1747 1451 1814 obscurant
1510 1756 1584 1811 et
1644 1746 2015 1814 debilitant
2061 1744 2512 1823 intellectum,
2559 1765 2772 1829 quan—

524 1853 673 1907 tum
711 1840 1190 1927 praepollent;
1244 1851 1321 1905 ut
1366 1862 1637 1925 quoque
1674 1841 1753 1910 fit
1798 1841 1980 1925 apud
2015 1842 2334 1909 homines
2375 1842 2448 1905 in
2493 1840 2771 1911 mundo.

524 1938 637 2021 qui
682 1949 955 2004 tantum
1001 1938 1194 2002 obesi
1236 1948 1310 2003 et
1370 1937 1630 2020 stupidi
1674 1946 1838 2003 sunt
1883 1938 2112 2020 quoad
2159 1957 2324 2001 vera
2365 1935 2770 2019 spiritualia,

525 2044 858 2117 quantum
904 2032 1269 2115 indulgent
1316 2034 1547 2115 gustui
1606 2042 1679 2097 et
1746 2032 2104 2098 lenociniis
2151 2029 2487 2097 ta6tilium
2525 2051 2772 2113 corpo·-

524 2130 634 2193 ris.
726 2126 933 2211 Quod
993 2130 1205 2193 etiam
1252 2128 1615 2194 interiores
1660 2146 1904 2193 sensus
1947 2127 2354 2210 angelorum
2416 2126 2614 2202 caeli,
2659 2126 2774 2208 qui

524 2232 683 2289 sunt
744 2223 1191 2308 cogitationis
1257 2233 1330 2287 et
1396 2220 1778 2289 affectionis
1837 2243 2096 2299 eorum,
2152 2223 2636 2305 exquisitiores
2701 2231 2774 2285 et

525 2316 965 2401 perfectiores
1010 2320 1149 2383 sint
1209 2336 1417 2401 quam
1460 2318 1731 2383 fuerunt
1791 2318 1924 2383 illis
1984 2318 2052 2383 in
2111 2319 2392 2393 mundo,
2451 2326 2774 2382 constare

523 2423 763 2495 potest
808 2435 900 2477 ex
946 2412 1081 2477 illis
1128 2432 1299 2496 quae
1345 2411 1529 2480 dicta
1574 2424 1647 2478 et
1695 2424 1982 2479 ostensa
2025 2424 2186 2478 sunt
2231 2414 2302 2477 in
2349 2413 2639 2477 articulo
2683 2414 2772 2477 de

524 2508 879 2594 Sapientia
924 2508 1361 2590 Angelorum
1425 2508 1617 2575 Caeli
1679 2507 1776 2591 (n.
1834 2507 2180 2591 265-275).
2271 2506 2476 2590 Quod
2539 2518 2773 2572 autem

523 2604 890 2670 discrimen
928 2614 1154 2670 status
1190 2602 1461 2670 illorum
1500 2604 1615 2686 qui
1659 2604 1730 2668 in
1767 2602 2028 2668 inferno
2065 2612 2226 2668 sunt
2262 2600 2643 2685 respective
2681 2603 2770 2667 ad

522 2709 787 2767 statum
818 2697 1093 2764 illorum
1126 2700 1194 2762 in
1234 2699 1493 2762 mundo
1527 2699 1808 2774 attinet,
1842 2709 1952 2764 est
1985 2718 2254 2782 quoque
2285 2699 2354 2762 id
2395 2717 2724 2780 magnum
2753 2720 2770 2776 ;

521 2805 783 2879 quanta
818 2796 1001 2860 enim
1034 2792 1361 2878 perfectio
1398 2805 1469 2858 et
1509 2795 1934 2862 excellentia
1971 2813 2290 2860 sensuum
2323 2804 2770 2860 externorum

520 2901 595 2956 et
630 2891 1056 2956 internorum
1088 2901 1198 2954 est
1236 2891 1417 2973 apud
1449 2890 1742 2974 angelos
1779 2892 1892 2974 qui
1928 2893 1998 2955 in
2030 2890 2248 2964 caelo,
2281 2899 2482 2955 tanta
2519 2891 2771 2972 imper·

522 2983 725 3049 sectio
760 2997 871 3052 est
908 2985 1089 3069 apud
1129 2986 1283 3050 illos
1320 2987 1433 3068 qui
1466 2985 1531 3048 in
1569 2986 1874 3063 inferno;
1923 2987 2046 3050 sed
2078 2986 2165 3049 de
2201 2984 2442 3050 horum
2473 2994 2664 3050 statu
2698 2987 2770 3050 in

520 3082 967 3170 sequentibus
998 3081 1344 3163 agendum
1382 3089 1513 3146 est.

647 3178 1101 3261 462[secnna0].
1148 3175 1353 3257 Quod
1386 3176 1603 3241 homo
1630 3197 1668 3244 e
1708 3176 1969 3242 mundo
2002 3177 2213 3241 etiam
2246 3195 2480 3241 secum
2511 3177 2770 3241 habeat

521 3289 796 3336 omnem
856 3290 1049 3334 suam
1108 3273 1535 3346 memoriam,
1598 3274 1836 3336 multis
1891 3283 2248 3338 ostensum
2305 3281 2435 3347 est,
2491 3273 2579 3336 de
2637 3293 2770 3356 qua

521 3366 717 3450 plura
753 3376 1141 3432 memoratu
1179 3367 1393 3449 digna
1430 3367 1576 3431 visa
1612 3379 1685 3434 et
1723 3370 1962 3434 audita
1999 3378 2182 3444 sunt,
2222 3386 2507 3452 quorum
2545 3367 2772 3450 aliqua

519 3461 729 3526 velim
760 3462 998 3526 ordine
1029 3462 1298 3526 referre.
1390 3462 1696 3528 Fuerunt
1721 3466 1834 3547 qui
1871 3473 2300 3546 negaverunt
2333 3484 2456 3526 sua
2487 3465 2774 3528 crimina

519 3565 592 3621 et
650 3555 933 3638 flagitia,
981 3576 1154 3638 quae
1202 3567 1651 3638 patraverunt
1711 3559 1780 3622 in
1827 3559 2125 3636 mundo;
2193 3567 2634 3646 quapropter,
2683 3577 2770 3622 ne

519 3653 831 3715 insontes
870 3653 1334 3727 crederentur,
1374 3652 1606 3716 omnia
1644 3651 1924 3717 detecta
1961 3663 2143 3728 sunt,
2184 3665 2256 3718 et
2303 3675 2395 3716 ex
2442 3654 2770 3717 memoria

518 3765 757 3812 eorum
788 3748 1133 3813 recensita
1163 3759 1325 3812 sunt
1358 3749 1595 3812 ordine
1633 3769 1673 3812 a
1704 3749 1922 3831 prima
1951 3768 2187 3813 eorum
2219 3759 2454 3812 aetate
2486 3749 2575 3811 ad
2607 3748 2768 3813 ulti-

520 3861 741 3909 mam:
790 3853 988 3908 erant
1021 3845 1385 3926 praecipue
1416 3843 1757 3908 adulteria
1785 3854 1860 3908 et
1891 3845 2373 3910 scortationes.
2463 3844 2770 3908 Fuerunt

517 3939 631 4022 qui
666 3937 839 4004 alios
874 3939 1139 4004 artibus
1173 3939 1371 4006 malis
1410 3938 1856 4022 deceperunt,
1895 3951 1968 4004 et
2013 3941 2126 4023 qui
2161 3939 2360 4004 furati
2397 3951 2600 4016 sunt;
2647 3959 2768 4004 eo-

518 4053 665 4098 rum
699 4043 895 4098 astus
932 4045 1004 4098 et
1038 4035 1222 4099 furta
1258 4037 1328 4100 in
1364 4036 1541 4100 serie
1572 4036 1789 4100 etiam
1819 4046 2226 4100 enumerata
2261 4045 2448 4111 sunt,
2481 4055 2770 4117 quorum

518 4128 711 4212 plura
757 4131 877 4194 vix
924 4131 1043 4194 ulli
1104 4132 1173 4196 in
1234 4131 1493 4196 mundo
1540 4139 1711 4196 nota
1753 4131 2050 4206 suerunt,
2097 4149 2302 4214 quam
2349 4132 2512 4214 ipsis
2555 4130 2766 4196 solis:

516 4236 951 4311 agnoverunt
989 4229 1199 4292 etiam
1238 4227 1379 4301 illa,
1407 4229 1565 4310 quia
1602 4227 2046 4292 manifestata
2081 4229 2259 4291 sicut
2298 4228 2364 4291 in
2406 4227 2577 4303 luce,
2601 4229 2768 4292 'cum

514 4323 702 4386 omni
748 4322 1205 4404 cogitatione,
1246 4323 1663 4398 intentione,
1698 4322 2022 4405 jucundo,
2067 4323 2334 4400 timore,
2381 4343 2554 4406 quae
2599 4332 2765 4388 tunc

514 4437 651 4483 una
686 4417 1061 4483 versabant
1097 4439 1333 4484 eorum
1372 4421 1662 4485 animoS.
1755 4419 2064 4484 Fuerunt
2100 4419 2214 4501 qui
2251 4437 2535 4482 munera
2567 4437 2766 4483 acce·

515 4521 785 4594 petunt,
825 4524 899 4578 et
945 4524 1273 4596 quaestus
1316 4535 1411 4580 ex
1450 4513 1714 4596 judicio
1744 4514 2101 4579 fecerunt:
2155 4513 2256 4578 illi
2299 4533 2394 4578 ex
2439 4513 2769 4578 memoria

512 4628 638 4674 sua
698 4607 1013 4675 similiter
1070 4607 1421 4693 explorati
1488 4621 1671 4686 sunt,
1719 4620 1794 4675 et
1864 4631 1960 4675 ex
2035 4609 2162 4706 illa
2219 4611 2566 4676 recensita
2605 4621 2766 4674 sunt
