3371 5304
741 646 1221 714 CONJUNCTIO
1255 647 1486 700 CAELI
1523 649 1682 700 CUM
1724 647 2035 700 HOMINE
2072 651 2215 702 PER
2254 652 2588 706 VERBUM.
2700 659 2819 728 179

575 819 1180 886 consociationem.
1271 815 1478 899 Quod
1535 837 1691 884 cum
1750 819 2019 902 angelis
2072 841 2211 886 non
2261 822 2817 906 conjunctionem

572 916 696 979 sed
731 915 942 978 modo
977 913 1562 978 consociationem
1597 912 1877 990 habeat,
1916 923 2027 978 est
2056 918 2213 1000 quia
2248 917 2459 982 homo
2498 941 2591 984 ex
2628 941 2819 986 crea-

572 1010 762 1074 tione
799 1017 908 1072 est
945 1006 1186 1071 similis
1220 1007 1477 1090 angelo
1504 1009 1733 1090 quoad
1769 1009 2093 1074 interiora
2127 1031 2303 1094 quae
2342 1016 2594 1080 mentis
2631 1028 2815 1094 sunt,

561 1103 808 1168 similis
843 1103 1024 1167 enim
1063 1101 1320 1166 homini
1353 1111 1462 1165 est
1494 1101 1817 1166 voluntas
1847 1123 2023 1186 quae
2056 1107 2333 1188 angele,
2369 1119 2441 1173 et
2480 1111 2719 1175 similis
2754 1113 2820 1176 ei

569 1195 1003 1276 intelleetus3
1064 1196 1226 1260 inde
1274 1205 1404 1271 est,
1443 1197 1628 1280 quod
1673 1197 1886 1262 homo
1924 1209 2087 1281 post
2126 1201 2413 1280 obitum,
2453 1205 2509 1269 si
2544 1207 2817 1272 vixerat

569 1292 944 1358 secundum
990 1293 1300 1356 ordinem
1351 1289 1697 1366 Divinum,
1746 1290 1869 1357 fiat
1931 1295 2245 1377 angelus,
2295 1309 2367 1363 et
2419 1302 2605 1383 quod
2650 1311 2815 1365 tunc

569 1387 808 1452 similis
843 1387 906 1452 ei
941 1405 1095 1452 cum
1133 1386 1401 1467 angelis
1441 1387 1783 1469 sapientia
1818 1389 1909 1452 sit
1938 1408 1954 1452 ε
2003 1403 2421 1476 quapropter
2457 1414 2609 1459 cum
2648 1396 2815 1458 dici-

567 1491 680 1548 tur
723 1479 1112 1564 conjunctio
1155 1482 1452 1547 hominis
1500 1500 1654 1545 cum
1706 1482 1923 1560 caelo,
1966 1485 2378 1570 intelligitur
2423 1489 2816 1571 conjunctio

567 1577 712 1660 ejus
755 1597 910 1642 cum
956 1577 1260 1641 Domino
1318 1588 1392 1642 et
1439 1578 1871 1643 consociatio
1921 1599 2074 1644 cum
2122 1583 2410 1665 angelis,
2450 1603 2609 1647 nam
2656 1604 2813 1648 cae-

568 1672 708 1736 lum
741 1691 880 1736 non
916 1683 1024 1736 est
1061 1671 1324 1736 caelum
1365 1693 1458 1736 ex
1496 1675 1773 1756 proprio
1811 1675 2237 1756 angelorum,
2272 1677 2393 1740 sed
2432 1698 2522 1742 ex
2563 1677 2818 1743 Divino

569 1766 884 1832 Domini:
949 1766 1134 1851 quod
1183 1766 1504 1830 Divinum
1556 1769 1837 1833 Domini
1892 1769 2101 1835 faciat
2162 1773 2450 1848 caelum,
2500 1773 2816 1838 videatur

569 1882 772 1945 supra
810 1861 904 1947 (n.
943 1860 1220 1944 7-—¹¹¹12).
1317 1861 1552 1927 Homo
1589 1872 1826 1927 autem·
1876 1865 2150 1948 insuper
2188 1867 2400 1932 habet
2443 1869 2629 1951 quod
2677 1889 2813 1933 non

565 1956 820 2038 angeli,
856 1957 1042 2040 quod
1101 1975 1242 2020 non
1303 1956 1526 2021 solum
1588 1957 1659 2019 in
1722 1959 2057 2039 spirituali
2119 1962 2377 2026 mundo
2419 1963 2650 2045 quoad
2694 1983 2817 2028 sua

565 2052 890 2116 interiora
926 2053 1037 2128 sit,
1073 2052 1196 2116 sed
1236 2053 1447 2117 etiam
1482 2051 1680 2114 simul
1721 2053 1789 2115 in
1830 2053 2125 2118 naturali
2161 2057 2387 2137 quoad
2426 2056 2809 2121 exteriora:

566 2147 914 2211 exteriora
933 2144 1075 2227 ejus
1099 2167 1274 2230 quae
1297 2155 1455 2211 sunt
1485 2147 1554 2209 in
1583 2147 1877 2210 naturali
1900 2149 2181 2224 mundo,
2202 2161 2363 2214 sunt
2388 2152 2620 2214 omnia
2638 2171 2811 2235 quae

567 2241 710 2324 ejus
755 2241 1124 2305 memoriae
1171 2241 1506 2306 naturalis
1554 2261 1674 2305 seu
1721 2251 2056 2306 externae
2095 2253 2277 2320 sunt,
2318 2255 2391 2309 et
2436 2265 2606 2328 quae
2651 2245 2810 2309 inde

566 2337 1011 2418 cogitationis
1049 2346 1122 2400 et
1169 2336 1683 2418 imaginationis
1732 2347 1917 2413 sunt,
1956 2337 2026 2400 in
2072 2358 2327 2420 genere
2374 2341 2812 2422 cognitiones

566 2441 642 2497 et
685 2433 1013 2496 scientiae
1070 2449 1226 2494 cum
1281 2430 1549 2495 illarum
1605 2431 1921 2512 jucundis
1974 2442 2051 2497 et
2100 2435 2429 2510 amoenis,
2476 2445 2809 2518 quantum

566 2527 839 2610 sapiunt
875 2545 966 2590 ex
1005 2527 1284 2602 mundo,
1326 2535 1473 2588 tum
1524 2525 1751 2608 plures
1790 2525 2191 2610 voluptates
2225 2549 2401 2612 quae
2447 2539 2605 2593 sunt
2651 2549 2809 2593 sen·

565 2620 855 2687 sualium
900 2621 1243 2704 corporis;
1309 2619 1586 2704 insuper
1629 2621 1841 2685 etiam
1896 2621 2026 2704 ipsi
2084 2643 2345 2702 sensus,
2394 2621 2690 2709 loquela,
2737 2634 2811 2692 et

566 2718 918 2782 actiones:
971 2715 1094 2781 illa
1137 2716 1368 2781 omnia
1411 2717 1626 2779 etiam
1673 2725 1835 2780 sunt
1884 2715 2147 2793 ultima,
2194 2718 2266 2782 in
2322 2738 2497 2801 quae
2556 2721 2809 2785 desinit

565 2812 860 2877 influxus
898 2810 1187 2875 Divinus
1224 2810 1525 2889 Domini,
1567 2831 1729 2875 nam
1766 2811 1880 2875 ille
1919 2831 2061 2876 non
2099 2812 2411 2878 subsistit
2450 2814 2519 2877 in
2558 2816 2806 2887 medio,

564 2906 690 2971 sed
731 2906 958 2989 pergit
1003 2906 1092 2969 ad
1139 2926 1262 2969 sua
1298 2905 1559 2969 ultima.
1651 2904 1769 2969 Ex
1813 2905 1919 2969 his
1964 2915 2280 2971 constare
2325 2918 2585 2989 potest,
2625 2902 2808 2993 quod

565 3003 633 3066 in
663 3001 937 3065 homine
968 3001 1056 3063 sit
1090 2999 1405 3063 ultimum
1438 2998 1692 3063 ordinis
1725 2999 1997 3079 Divini3
2044 3008 2117 3065 et
2142 3002 2300 3085 quia
2331 3012 2440 3067 est
2472 3002 2806 3081 ultimum,

564 3096 746 3180 quod
793 3095 882 3159 sit
928 3094 1111 3157 basis
1155 3104 1228 3159 et
1273 3092 1819 3159 fundamentum.
1930 3090 2108 3177 Quia
2165 3094 2462 3162 influxus
2520 3096 2809 3161 Divinus

567 3190 844 3255 Domini
881 3209 1020 3254 non
1066 3187 1376 3252 subsistit
1422 3190 1492 3254 in
1539 3188 1790 3266 medie,
1830 3188 1953 3253 sed
2000 3186 2347 3271 pergit‘ad
2386 3211 2507 3254 sua
2544 3190 2805 3267 ultima,

565 3297 642 3351 ut
686 3286 944 3348 dictum
990 3293 1120 3358 est,
1159 3294 1234 3346 et
1282 3284 1440 3366 quia
1485 3283 1810 3358 medium,
1849 3284 2033 3366 quod
2082 3284 2353 3361 transit,
2394 3295 2502 3349 est
2540 3286 2805 3349 caelum

566 3378 974 3462 angelicum,
1014 3396 1094 3441 ac
1153 3376 1475 3440 ultimum
1527 3386 1636 3441 est
1688 3377 1867 3460 apud
1926 3376 2298 3455 hominem,
2348 3388 2419 3443 et
2466 3380 2621 3462 quia
2668 3399 2805 3444 non

567 3476 769 3538 datur
812 3474 1298 3547 inconnexum,
1338 3472 1644 3554 sequitur
1688 3471 1873 3554 quod
1920 3471 2079 3535 talis
2125 3474 2216 3535 sit
2256 3493 2479 3537 nexus
2522 3483 2593 3537 et
2640 3494 2805 3538 con·-

559 3568 823 3650 junctio
869 3566 1041 3631 caeli
1100 3584 1256 3629 cum
1315 3564 1614 3629 humano
1666 3586 1921 3647 genere
1967 3576 2041 3629 ut
2089 3586 2297 3630 unum
2344 3567 2673 3632 subsistat
2720 3569 2809 3632 ab

565 3663 808 3737 altero,
846 3672 919 3725 et
964 3662 1148 3744 quod
1207 3660 1385 3724 foret
1445 3680 1602 3724 cum
1654 3660 1956 3724 humano
2009 3681 2264 3743 genere
2312 3661 2566 3746 absque
2613 3662 2808 3727 caelo

565 3759 740 3822 sicut
785 3776 940 3821 cum
984 3766 1234 3820 catena
1276 3755 1515 3819 ablato
1561 3774 1759 3830 unc0,
1802 3764 1875 3818 et
1934 3773 2089 3818 cum
2134 3756 2331 3819 caelo
2376 3756 2633 3839 absque
2680 3758 2808 3821 hu-

567 3872 772 3915 mano
808 3871 1064 3933 genere
1099 3851 1276 3914 sicut
1315 3869 1468 3913 cum
1507 3850 1716 3916 domo
1752 3850 2013 3931 absque
2048 3847 2605 3916 fundamentoffl)

1345 4089 1454 4145 [(ικ
1477 4098 1673 4132 amnis
1698 4088 2043 4143 canas-rmus„

677 4193 784 4264 (δῦ)
838 4190 1017 4265 Quod
1045 4192 1195 4247 nihil
1227 4190 1448 4248 existat
1481 4207 1518 4246 a
1546 4206 1627 4252 se,
1653 4191 1759 4246 sed
1790 4206 1827 4245 a
1856 4190 2041 4261 priori
2063 4206 2147 4254 se,
2174 4190 2263 4247 ita
2282 4192 2491 4247 omnia
2519 4208 2557 4247 a
2588 4192 2809 4257 Primo,

568 4274 633 4321 et
653 4264 816 4335 quod
842 4280 880 4318 a
905 4278 1029 4335 quo
1058 4264 1327 4318 existunt
1350 4262 1536 4317 etiarn
1561 4262 1910 4323 subsistant,
1932 4272 1997 4316 et
2033 4260 2197 4332 quod
2226 4262 2556 4318 subsistere
2579 4264 2661 4318 sit
2678 4279 2812 4333 per-

569 4345 758 4407 petuo
780 4334 1037 4389 existere
1063 4336 1144 4401 (n.
1169 4328 1324 4395 2886,
1350 4332 1507 4396 2888,
1537 4332 1691 4400 3627,
1719 4332 1875 4400 3628,
1903 4330 2062 4399 3648,
2087 4344 2247 4402 4523,
2264 4342 2424 4400 4324,
2446 4333 2603 4399 6040,
2625 4333 2811 4403 6056).

675 4402 856 4476 Quod
897 4404 1152 4460 Divinus
1183 4404 1339 4458 ordo
1376 4418 1498 4457 non
1533 4400 1826 4457 subsistat
1865 4401 1925 4456 in
1966 4403 2185 4465 medio,
2210 4403 2317 4458 sed
2356 4404 2716 4459 terminetur
2748 4404 2811 4459 in

571 4475 804 4538 ultime,
835 4490 908 4530 ac
947 4474 1228 4529 ultimum
1272 4482 1368 4529 est
1408 4474 1613 4535 homo,
1645 4474 1732 4529 ita
1770 4472 1937 4543 quod
1976 4472 2235 4528 Divinus
2266 4474 2420 4529 ordo
2454 4474 2814 4529 terminetur

571 4546 732 4619 apud
759 4546 1066 4601 hominem
1093 4551 1178 4613 (n.
1195 4543 1492 4615 634.2853.
1516 4542 1671 4613 3632.
1699 4544 1851 4613 5897.
1870 4544 2031 4612 6239,
2051 4544 2211 4613 6451,
2232 4544 2391 4612 6463,
2413 4545 2611 4615 9216[?
2626 4546 2813 4615 92151,

568 4618 766 4690 92¹7[?
790 4619 971 4688 92161.
997 4618 1153 4687 9824.
1181 4618 1338 4685 9828·
1363 4614 1522 4684 9836·
1544 4627 1702 4685 9903»
1737 4628 1923 4681 10044.
1958 4628 2144 4683 ¹03²9·
2178 4626 2363 4683 ¹0335·
2390 4615 2610 4695 Ῐ9548)-
