3371 5304
670 612 786 674 142
1317 610 1420 659 m:
1465 609 1719 660 CAELo
1766 610 1864 662 ET
1902 610 2264 662 mFERNO.

657 797 864 862 quam
919 779 986 843 in
1033 799 1170 862 quo
1215 779 1336 854 illi,
1383 780 1484 843 ita
1539 798 1809 863 quoque
1856 782 2040 864 quod
2088 779 2285 845 ¹¹¹non
2341 781 2504 847 alibi
2552 784 2904 864 homines;

653 884 1075 957 quapropter
1107 895 1243 938 non
1284 873 1448 938 licet
1488 875 1748 938 homini
1794 895 1951 939 cum
1988 875 2124 940 illis
2158 879 2460 942 vicissim
2496 877 2702 962 loqui,
2744 901 2901 944 nam

653 970 710 1033 si
748 969 1162 1052 loqueretur,
1197 971 1473 1035 scirent.
1565 969 1699 1053 Qui
1738 971 2031 1036 multum
2070 973 2157 1036 de
2189 972 2527 1055 religiosis
2560 976 2900 1058 cogitant,

653 1076 726 1130 et
773 1066 1134 1130 inhaerent
1181 1065 1337 1142 illis,
1379 1087 1592 1149 usque
1639 1075 1713 1132 ut
1756 1070 1950 1150 quasi
1987 1069 2271 1132 videant
2319 1068 2439 1133 illa
2482 1071 2667 1134 intus
2698 1072 2765 1134 in
2804 1092 2901 1146 se,

652 1162 864 1224 etiam
931 1161 1208 1242 spiritus
1245 1181 1504 1232 ,secum
1571 1161 1939 1244 loquentes
1998 1164 2231 1228 audire
2297 1166 2673 1248 incipiunt3
2742 1185 2903 1230 nam

650 1255 990 1337 religiosa,
1019 1275 1464 1339 quaecunque
1503 1266 1685 1334 sunt,
1713 1259 1990 1340 quando
2021 1259 2231 1322 homo
2262 1257 2395 1322 illis
2432 1280 2523 1323 ex
2557 1280 2629 1323 se
2666 1260 2901 1324 inhae-

647 1360 773 1425 ret,
807 1371 934 1415 nec
967 1351 1343 1433 interpolat
1370 1352 1572 1414 variis
1604 1372 1779 1434 quae
1812 1373 1970 1416 usus
2002 1363 2166 1416 sunt
2205 1355 2271 1416 in
2310 1355 2589 1429 munde,
2615 1356 2901 1418 interius

649 1445 936 1520 vadunt,
967 1466 1054 1508 ac
1093 1447 1184 1509 ibi
1215 1447 1621 1522 subsistunt,
1649 1458 1723 1511 et
1757 1457 1983 1512 totum
2016 1447 2312 1512 hominis
2345 1449 2655 1531 spiritum
2695 1468 2901 1513 occu·

650 1551 844 1624 pant,
884 1561 964 1604 ac
1013 1543 1278 1605 intrant
1325 1541 1755 1625 spiritualem
1804 1544 2154 1618 mundum,
2190 1553 2261 1608 et
2304 1553 2585 1607 movent
2624 1543 2899 1625 spiritus

649 1637 761 1718 qui
793 1637 924 1714 ibi;
971 1637 1096 1700 sed
1123 1635 1302 1700 tales
1329 1647 1489 1701 sunt
1516 1638 1863 1702 visionarii
1896 1648 1968 1702 et
1994 1638 2469 1702 enthusiastae
2495 1660 2511 1716 ;
2559 1647 2629 1703 et
2660 1658 2896 1721 quem·

649 1751 915 1813 cunque
953 1732 1266 1813 spiritum
1305 1733 1608 1808 audiunt,
1648 1734 1941 1797 credunt
1989 1754 2141 1798 esse
2180 1731 2507 1818 Spiritum
2548 1731 2896 1810 Sanctum,

648 1846 804 1890 cum
857 1837 1094 1890 tamen
1141 1838 1300 1892 sunt
1362 1829 1640 1912 spiritus
1685 1829 2187 1894 enthusiastici.
2282 1828 2416 1912 Qui
2484 1829 2663 1894 tales
2710 1840 2895 1906 sunt,

645 1922 887 1986 vident
924 1923 1094 1986 salsa
1131 1925 1308 1987 sicut
1343 1945 1530 1998 vera,
1565 1935 1638 1988 et
1677 1927 1835 2007 quia
1872 1926 2110 1990 vident
2142 1925 2260 1990 illa
2292 1926 2707 2007 persuadent
2745 1926 2895 2000 sibi,

644 2027 718 2082 et
757 2037 1026 2101 quoque
1065 2019 1486 2100 persuadent
1526 2019 1658 2083 illis
1699 2021 1879 2103 apud
1918 2041 2089 2103 quos
2123 2020 2409 2084 influunt
2440 2042 2455 2096 ;
2504 2028 2573 2083 et
2610 2021 2767 2104 quia
2798 2020 2895 2084 illi

644 2113 920 2197 spiritus
979 2115 1192 2176 etiam
1238 2125 1616 2198 coeperunt
1672 2117 2083 2198 persuadere
2131 2115 2333 2190 mala,
2382 2116 2625 2198 quibus
2685 2117 2893 2181 etiam

647 2208 1004 2271 obeditum
1041 2217 1174 2282 est,
1217 2208 1374 2272 ideo
1411 2229 1532 2291 per
1569 2210 1827 2291 gradus
1872 2211 2119 2274 remoti
2170 2220 2353 2274 sunt.
2442 2209 2735 2292 Spiritus
2772 2231 2895 2274 en·

647 2302 1034 2366 thusiastici
1081 2303 1170 2366 ab
1212 2304 1364 2368 aliis
1411 2306 1763 2387 spiritibus
1816 2307 2334 2389 distinguuntur
2394 2325 2515 2388 per
2568 2306 2662 2380 id,
2710 2306 2892 2388 quod

645 2399 934 2462 credant
980 2418 1055 2461 se
1115 2419 1268 2463 esse
1323 2397 1653 2481 Spiritum
1710 2399 2060 2476 Sanfitum,
2109 2411 2180 2465 et
2233 2422 2408 2484 quae
2456 2401 2695 2464 dicunt
2742 2421 2893 2464 esse

647 2491 938 2556 Divina:
1005 2491 1102 2554 illi
1149 2493 1430 2574 spiritus
1477 2513 1614 2558 non
1663 2503 1921 2558 nocent
1967 2495 2249 2570 homini,
2289 2496 2447 2577 quia
2493 2494 2706 2558 homo
2739 2494 2893 2558 illos

647 2585 899 2650 Divino
934 2586 1122 2651 cultu
1161 2587 1480 2652 honorat.
1573 2588 1747 2657 Cum
1786 2589 1921 2655 illis
1964 2591 2174 2655 etiam
2218 2589 2583 2673 aliquoties
2620 2589 2893 2655 locutus

645 2702 817 2757 sum,
857 2692 930 2747 et
971 2692 1133 2747 tunc
1174 2703 1443 2767 quoque
1482 2684 1761 2751 detecta
1792 2696 1953 2750 sunt
1991 2686 2266 2761 nefaria,
2308 2706 2481 2768 quae
2514 2685 2891 2751 cultoribus

643 2780 782 2843 suis
819 2779 1246 2844 infuderunt:
1313 2780 1634 2845 habitant
1681 2781 1881 2845 simul
1929 2781 2016 2844 ad
2064 2783 2414 2845 sinistrum
2460 2782 2529 2845 in
2570 2781 2725 2846 loco
2770 2781 2891 2845 de-

645 2883 851 2938 serto.

771 2984 974 3053 250.
1038 2968 1142 3033 At
1182 2968 1368 3053 loqui
1403 2991 1558 3036 cum
1605 2973 1873 3055 angelis
1909 2970 2081 3037 caeli
2128 2992 2265 3035 non
2305 2971 2707 3036 conceditur
2744 2971 2893 3035 aliis

645 3082 850 3147 quam
889 3064 1002 3145 qui
1039 3065 1106 3128 in
1143 3068 1320 3129 veris
1358 3088 1449 3129 ex
1483 3068 1668 3132 bono
1700 3078 1883 3143 sunt,
1924 3069 2240 3152 primario
2278 3068 2391 3149 qui
2430 3069 2496 3130 in
2536 3066 2889 3148 agnitione

644 3160 923 3224 Domini
962 3178 1040 3223 ac
1083 3160 1314 3225 Divini
1351 3162 1420 3225 in
1461 3162 1788 3227 Humano
1826 3164 2045 3246 Ipsius
2075 3184 2090 3241 ;
2146 3162 2305 3245 quia
2339 3162 2469 3226 hoc
2509 3180 2743 3225 verum
2783 3172 2891 3225 est

641 3255 712 3317 in
748 3274 886 3336 quo
923 3254 1096 3319 caeli
1133 3266 1332 3335 sunt;
1397 3278 1578 3333 nam,
1619 3269 1698 3322 ut
1743 3278 1947 3340 supra
1983 3267 2337 3321 ostensum
2384 3266 2515 3331 est,
2555 3256 2893 3320 Dominus

644 3357 752 3412 est
793 3350 980 3414 Deus
1013 3351 1185 3415 caeli
1223 3350 1318 3435 (n.
1353 3352 1548 3435 2—6):
1599 3353 1926 3416 Divinum
1960 3352 2236 3416 Domini
2272 3352 2438 3417 facit
2474 3350 2757 3417 Caelum
2794 3349 2888 3431 (n.

640 3444 884 3528 7-12):
955 3445 1279 3510 Divinum
1326 3446 1604 3511 Domini
1647 3450 1716 3512 in
1758 3447 1971 3512 Caelo
2016 3457 2126 3512 est
2168 3468 2360 3511 amor
2406 3448 2474 3511 in
2522 3446 2776 3529 Ipsum,
2815 3457 2887 3509 et

641 3540 938 3605 charitas
985 3561 1152 3623 erga
1195 3543 1586 3624 proximum
1633 3543 1723 3606 ab
1768 3543 1931 3624 Ipso
1981 3541 2077 3623 (n.
2127 3541 2405 3625 13-19):
2473 3540 2885 3606 Universum

641 3634 926 3700 Caelum
959 3638 1026 3699 in
1059 3656 1197 3701 uno
1235 3638 1608 3720 complexu
1645 3638 1851 3703 refert
1888 3658 2095 3701 unum
2138 3636 2535 3712 Hominem,
2576 3636 2886 3700 similiter

643 3734 1058 3815 unaquaevis
1094 3732 1404 3798 Societas
1437 3732 1667 3812 Caeli;
1710 3753 1790 3797 ac
1823 3734 2285 3816 unusquisque
2321 3731 2639 3814 Angelus
2676 3740 2783 3795 est
2816 3731 2885 3793 in

640 3824 943 3909 perfecta
973 3828 1190 3891 forma
1221 3829 1539 3905 humana,
1568 3839 1640 3892 et
1673 3828 1803 3892 hoc
1838 3850 1929 3892 ex
1964 3828 2215 3892 Divino
2250 3827 2573 3892 Humano
2607 3825 2884 3889 Domini

643 3918 740 4003 (n.
775 3919 1036 4004 59-86).
1129 3922 1243 3985 Ex
1276 3924 1516 4005 quibus
1548 3932 1768 4005 patet,
1797 3925 1979 4006 quod
2013 3922 2195 4005 loqui
2229 3942 2383 3986 cum
2418 3922 2682 4005 angelis
2715 3921 2885 3985 caeli

637 4036 777 4079 non
816 4018 1018 4080 detur
1057 4018 1206 4081 aliis
1245 4037 1447 4100 quam
1494 4017 1673 4099 apud
1722 4038 1893 4101 quos
1931 4020 2257 4082 interiora
2294 4027 2534 4100 aperta
2571 4027 2729 4080 sunt
2771 4037 2891 4097 per

639 4111 889 4177 Divina
924 4134 1086 4177 vera
1117 4133 1328 4195 usque
1359 4114 1449 4176 ad
1487 4113 1856 4177 Dominum
1884 4136 1899 4193 ;
1949 4133 2108 4178 nam
2140 4115 2209 4178 in
2246 4112 2362 4178 illa
2394 4113 2609 4177 influit
2645 4111 2884 4175 Domi-

638 4227 766 4271 nus
804 4208 985 4290 apud
1023 4208 1396 4285 hominem,
1433 4219 1505 4273 et
1543 4228 1699 4273 cum
1736 4208 2075 4273 Dominus
2107 4210 2319 4274 etiam
2352 4209 2615 4273 caelum
2649 4205 2885 4270 influit.

639 4300 844 4385 Quod
905 4302 1155 4368 Divina
1208 4324 1372 4368 vera
1429 4306 1747 4385 aperiant
1805 4306 2137 4370 interiora
2193 4305 2509 4379 hominis,
2558 4311 2666 4367 est
2732 4300 2886 4383 quia

636 4396 850 4462 homo
907 4399 1007 4463 ita
1065 4408 1338 4463 creatus
1396 4409 1526 4474 est,
1567 4410 1643 4463 ut
1702 4401 1933 4483 quoad
1994 4403 2341 4464 internum
2385 4399 2733 4462 hominem
2794 4396 2885 4459 sit

635 4491 872 4575 imago
905 4492 1098 4569 caeli,
1133 4504 1204 4559 et
1241 4495 1467 4579 quoad
1515 4504 1883 4559 externum
1929 4496 2021 4560 sit
2066 4496 2299 4577 imago
2336 4493 2569 4557 mundi
2611 4490 2705 4575 (n.
2748 4488 2883 4575 57),

637 4599 710 4654 et
757 4590 1320 4661 internushomo
1357 4610 1496 4656 non
1541 4593 1849 4674 aperitur
1894 4612 2099 4675 quam
2138 4612 2258 4675 per
2290 4590 2609 4655 Divinum
2648 4607 2883 4653 verum
