3371 5304
887 653 989 704 m:
1033 652 1317 705 ‘resno
1363 653 1605 706 s‘rA‘ru
1653 653 1981 706 Homms
2026 651 2211 705 Posr
2256 651 2605 704 MORTEM.
2747 653 2868 722 327

629 825 734 890 dit
792 823 1226 890 voluntatem
1285 843 1515 890 amore
1575 825 1837 890 sciendi
1882 845 2065 900 vera,
2114 834 2186 890 et
2238 833 2513 890 tantum
2559 823 2866 890 illustrat

629 919 1132 1004 cogitationem
1165 929 1240 983 ut
1271 919 1448 984 sciat
1477 918 1596 984 illa
1630 941 1646 998 ;
1692 929 1765 984 et
1802 930 2131 1004 quantum
2164 919 2335 984 haec
2368 917 2560 995 fiunt,
2595 928 2865 984 tantum

625 1015 1020 1098 aperiuntur
1061 1015 1386 1079 interiora
1429 1015 1747 1090 hominis,
1786 1033 1866 1078 ac
1903 1013 2038 1078 illis
2076 1013 2526 1098 implantatur
2558 1013 2865 1092 caelum;

625 1118 697 1174 et
743 1107 988 1185 adhuc,
1037 1117 1312 1173 tantum
1357 1108 1575 1174 influit
1622 1109 1945 1172 Divinum
1992 1118 2066 1172 et
2122 1107 2429 1174 caeleste
2480 1109 2549 1172 in
2603 1109 2866 1174 sincera

623 1221 798 1286 quae
833 1212 993 1268 sunt
1027 1205 1214 1268 vitae
1251 1203 1552 1278 moralis„
1587 1214 1660 1269 et
1698 1205 1767 1268 in
1798 1201 1985 1285 justa
2020 1223 2193 1286 quae
2232 1213 2395 1267 sunt
2430 1203 2617 1267 vitae
2647 1203 2865 1268 civilis

623 1297 806 1380 apud
829 1299 1198 1374 hominem,
1225 1317 1303 1363 ac
1327 1297 1491 1362 facit
1516 1298 1636 1363 illa
1659 1297 2077 1381 spiritualia3
2122 1299 2445 1380 quoniam
2464 1298 2675 1362 homo
2700 1307 2861 1362 tunc

622 1392 788 1457 facit
839 1393 961 1458 illa
1026 1413 1118 1458 ex
1177 1393 1452 1468 Divino,
1491 1393 1650 1478 quia
1706 1401 1991 1476 propter
2028 1391 2393 1458 Divinum:
2458 1402 2621 1456 sunt
2680 1393 2861 1456 enim

627 1487 894 1552 sincera
937 1496 1009 1552 et
1049 1487 1257 1570 justa,
1297 1507 1473 1571 quae
1517 1496 1680 1552 sunt
1728 1488 1914 1552 vitae
1962 1486 2241 1552 moralis
2286 1496 2359 1553 et
2404 1486 2643 1562 civilis,
2690 1507 2863 1569 quae

619 1581 829 1649 homo
873 1603 965 1647 ex
1011 1582 1130 1647 illa
1175 1583 1438 1666 origine
1481 1582 1673 1658 facit,
1714 1583 1845 1665 ipsi
1891 1579 2173 1648 effectus
2208 1583 2401 1646 vitae
2442 1581 2859 1665 spiritualis;

623 1686 697 1742 et
727 1675 1006 1744 effectus
1043 1697 1250 1744 omne
1287 1697 1483 1742 suum
1523 1677 1739 1744 trahit
1776 1697 1870 1742 ex
1904 1697 2031 1742 sua
2066 1697 2277 1744 causa
2294 1675 2662 1754 efficiente,
2702 1695 2861 1742 nam

621 1772 842 1857 qualis
878 1773 1048 1838 haec
1087 1772 1246 1838 talis
1282 1772 1420 1836 ille.

747 1881 940 1950 513.
986 1865 1486 1932 Instrufitiones
1509 1863 1678 1930 fiunt
1704 1866 1794 1930 ab
1812 1866 2077 1950 angelis
2102 1864 2393 1948 plurium
2419 1865 2857 1940 societatum,

621 1963 950 2044 imprimis
986 1963 1076 2026 ab
1111 1961 1248 2027 illis
1283 1981 1460 2046 quae
1503 1961 1573 2024 in
1612 1959 1825 2044 plaga
1856 1959 2386 2044 septentrionali
2422 1969 2493 2024 et
2540 1960 2858 2024 meridio-

621 2056 758 2120 nali
803 2066 987 2133 sunt,
1029 2075 1188 2121 nam
1225 2057 1388 2121 illae
1435 2057 1814 2121 societates
1850 2054 2209 2138 angelicae
2266 2055 2332 2118 in
2395 2054 2858 2138 intelligentia

617 2161 690 2216 et
727 2153 1068 2234 sapientia
1103 2171 1194 2216 ex
1231 2149 1745 2234 cognitionibus
1782 2151 1945 2214 boni
1982 2160 2054 2215 et
2102 2150 2245 2214 veri
2276 2159 2459 2214 sunt.
2548 2149 2857 2214 Instruc-

616 2247 824 2310 tionis
861 2245 1018 2309 loca
1053 2257 1214 2310 sunt
1251 2246 1338 2309 ad
1377 2246 1946 2328 septentrionem,
1985 2254 2059 2308 et
2098 2253 2257 2308 sunt
2292 2245 2501 2318 varia,
2541 2244 2859 2309 ordinata

613 2349 688 2406 et
721 2337 1046 2405 distincta
1081 2341 1458 2404 secundum
1495 2341 1831 2404 bonorum
1863 2339 2266 2404 caelestium
2296 2357 2555 2422 genera
2590 2350 2663 2404 et
2700 2359 2855 2422 spe-

617 2435 778 2508 cies,
819 2442 894 2498 ut
939 2435 1030 2499 ibi
1075 2435 1502 2498 instruantur
1530 2453 1776 2497 omnes
1820 2441 1895 2498 et
1954 2433 2204 2516 singuli
2242 2433 2617 2498 secundum
2662 2452 2854 2498 suam

613 2529 941 2605 indolem,
981 2539 1054 2594 et
1100 2529 1514 2610 receptionis
1549 2527 2001 2592 facultatem:
2066 2528 2220 2592 loca
2264 2526 2386 2591 illa
2430 2526 2517 2592 ibi
2562 2527 2854 2591 circum-

615 2625 795 2689 circa
833 2623 920 2688 ad
961 2622 1246 2688 multam
1281 2623 1685 2688 distantiam
1718 2643 1791 2686 se
1824 2622 2238 2687 extendunt.
2326 2619 2441 2686 Ad
2479 2620 2598 2687 illa
2628 2621 2851 2688 serun-

615 2729 727 2784 tur
757 2740 798 2783 a
829 2718 1132 2783 Domino
1155 2718 1316 2783 boni
1343 2718 1620 2801 spiritus
1647 2728 1808 2800 post
1833 2716 2159 2781 exactum
2184 2718 2563 2783 secundum
2590 2727 2850 2783 statum

611 2832 846 2879 eorum
877 2815 946 2878 in
979 2814 1238 2879 mundo
1265 2814 1646 2896 spirituum,
1679 2814 1792 2897 qui
1824 2813 2205 2879 instruendi
2238 2824 2437 2878 sunt:
2486 2813 2607 2877 sed
2640 2832 2851 2896 usque

611 2928 749 2973 non
789 2926 1068 2987 omnes:
1115 2926 1276 2973 nam
1307 2908 1421 2992 qui
1457 2908 1525 2973 in
1565 2908 1824 2973 mundo
1860 2906 2173 2975 instructi
2210 2918 2393 2984 sunt,
2433 2908 2524 2972 ibi
2560 2910 2771 2973 etiam
2808 2928 2853 2973 a

615 3003 915 3067 Domino
953 3004 1340 3089 praeparati
1377 3013 1540 3091 sunt
1575 3003 1665 3068 ad
1703 3002 1991 3079 caelum,
2033 3023 2111 3067 ac
2153 3024 2274 3086 per
2309 3003 2515 3067 aliam
2552 3005 2733 3069 viam
2780 3006 2849 3069 in

609 3097 876 3162 caelum
915 3097 1348 3177 auferuntur;
1395 3097 1672 3181 quidam
1712 3098 1953 3162 statim
1986 3108 2145 3180 post
2185 3109 2525 3177 mortem;
2572 3098 2847 3180 quidam

609 3203 772 3275 post
831 3194 1110 3258 brevem
1168 3212 1322 3257 cum
1381 3193 1733 3277 spiritibus
1790 3194 1990 3259 bonis
2046 3193 2685 3269 commorationem,
2735 3194 2849 3257 ubi

609 3288 948 3353 crassiora
977 3289 1483 3371 cogitationum
1521 3298 1592 3352 et
1630 3286 2065 3352 affectionum
2103 3307 2363 3363 eorum,
2396 3307 2572 3372 quae
2609 3296 2846 3351 traxe·

609 3394 768 3449 runt
801 3404 892 3447 ex
923 3383 1297 3447 honoribus
1329 3392 1402 3446 et
1435 3383 1691 3446 divitiis
1723 3384 1789 3445 in
1828 3382 2107 3457 mundo,
2141 3390 2604 3457 removentur,
2637 3390 2710 3446 et
2749 3384 2845 3447 sic

609 3478 1094 3562 purificantur:
1141 3478 1416 3560 quidam
1449 3478 1630 3558 prius
1659 3486 2044 3554 vastantur,
2072 3476 2254 3561 quod
2294 3474 2370 3541 fit
2408 3478 2475 3539 in
2514 3475 2683 3540 locis
2718 3477 2846 3540 sub

603 3574 862 3659 plantis
921 3573 1196 3657 pedum,
1245 3592 1421 3655 quae
1484 3581 1666 3636 terra
1718 3571 1991 3635 inferior
2036 3580 2415 3649 vocantur;
2474 3570 2588 3635 ubi
2638 3571 2847 3654 aliqui

603 3669 772 3735 dura
803 3668 1204 3751 patiuntur:
1251 3666 1320 3731 hi
1357 3676 1518 3729 sunt
1549 3668 1662 3749 qui
1702 3686 1776 3730 se
1808 3664 2383 3730 confirmaverunt
2420 3666 2489 3729 in
2526 3664 2737 3739 salsis,
2772 3674 2843 3729 et

603 3782 816 3845 usque
853 3762 1106 3825 bonam
1147 3760 1362 3824 vitam
1409 3770 1751 3843 egerunt3
1814 3778 1971 3823 nam
2018 3759 2189 3823 salsa
2226 3759 2633 3825 confirmata
2678 3760 2844 3825 dure

604 3856 990 3931 inhaerent,
1026 3865 1098 3919 et
1135 3866 1508 3941 antequam
1547 3854 1669 3919 illa
1704 3856 2014 3919 discussa
2042 3865 2225 3931 sunt,
2260 3875 2399 3918 non
2436 3855 2650 3919 videri
2682 3874 2843 3939 pos-

605 3962 766 4019 sunt
813 3971 994 4027 vera,
1037 3950 1136 4015 ita
1189 3968 1326 4015 non
1385 3950 1616 4031 recipi.
1704 3948 1841 4013 Sed
1904 3950 1989 4013 de
2048 3950 2574 4025 vastationibus,
2622 3959 2696 4014 et
2756 3950 2843 4013 de

603 4046 830 4111 modis
875 4045 1222 4128 quomodo
1267 4042 1462 4118 fiunt,
1511 4044 1578 4107 in
1625 4042 1923 4109 Arcanis
1974 4042 2385 4109 Caelestibus
2429 4040 2657 4109 actum
2710 4053 2841 4119 est,

605 4160 697 4205 ex
733 4141 976 4224 quibus
1013 4136 1325 4206 Collecta
1361 4138 1727 4203 videantur
1760 4138 1871 4202 hic
1909 4140 1979 4201 in
2016 4140 2201 4203 notis
2236 4139 2363 4202 sub
2398 4135 2661 4203 linea.<⁸)

1401 4346 1502 4397 [(ικ
1527 4356 1724 4389 um
1748 4345 2093 4399 camum]

707 4446 786 4516 (s)
839 4444 1020 4571 quod
1045 4447 1415 4503 vastationes
1441 4446 1590 4501 fiant
1617 4446 1680 4501 in
1712 4446 1902 4501 altera
1923 4446 2065 4509 vita,
2092 4446 2211 4501 boc
2238 4456 2349 4507 est,
2374 4446 2539 4519 quod
2566 4446 2651 4503 illi
2674 4446 2779 4519 qui
2806 4462 2840 4501 e

599 4519 828 4573 mundo
855 4534 872 4571 ι
897 4518 994 4572 luc
1019 4518 1272 4578 alluunt,
1295 4526 1610 4572 vastentur
1641 4520 1723 4587 (n.
1749 4517 1873 4587 698,
1898 4528 2057 4583 7122,
2084 4528 2241 4583 7474.
2268 4516 2449 4587 9763).

705 4588 885 4660 Quod
925 4588 1094 4659 probi
1120 4597 1432 4645 vastentur
1465 4588 1666 4661 quoad
1706 4588 1871 4653 falsa.
1897 4604 1971 4645 ac
2008 4587 2149 4645 mali
2178 4588 2378 4659 quoad
2406 4604 2547 4645 vera
2572 4588 2654 4657 (n.
2680 4600 2836 4655 7474.

598 4670 754 4729 754¹.
781 4662 964 4730 7542)-
