3371 5304
495 563 500 568 ’
600 601 716 648 122
1271 599 1372 650 DE
1418 598 1676 650 CAELo
1726 599 1821 650 ET
1868 600 2232 651 INFERNO.

589 767 800 834 actus.
894 766 1264 852 Quomodo
1307 769 1468 835 illae
1513 770 1761 838 iterum
1806 792 1879 834 se
1940 781 2343 837 consertant
2404 772 2475 837 in
2520 793 2827 856 corpore,

587 873 786 948 patet
813 887 856 930 a
879 867 1196 950 plexibus
1219 866 1440 942 variis,
1469 875 1546 930 ut
1573 887 1616 928 a
1647 866 2001 942 cardiacis»,
2030 869 2501 932 mesentericis
2530 878 2603 934 et
2636 867 2785 934 aliis
2812 891 2828 948 3

587 971 659 1025 et
697 982 970 1044 quoque
1006 982 1048 1024 a
1084 961 1280 1026 nodis
1317 962 1432 1044 qui
1467 961 1877 1042 gangliones
1913 973 2269 1040 vocantur,
2307 963 2377 1026 in
2414 984 2585 1046 quos
2624 961 2830 1030 fibrae

587 1055 818 1138 plures
857 1076 948 1120 ex
987 1057 1174 1119 omni
1205 1057 1558 1138 provincia
1591 1056 1879 1130 intrant,
1918 1076 1998 1120 ac
2038 1057 2203 1120 inibi
2240 1077 2314 1122 se
2350 1060 2827 1132 commiscent,

588 1162 660 1215 et
708 1151 908 1215 aliter
953 1149 1356 1231 conjunfitae
1395 1160 1658 1214 exeunt
1704 1151 1793 1214 ad
1840 1149 2243 1226 functiones,
2282 1161 2356 1217 et
2402 1152 2535 1218 hoc
2580 1155 2829 1218 iterum

587 1257 660 1310 et
699 1247 984 1324 iterum;
1040 1257 1313 1328 praeter
1349 1245 1598 1310 similia
1641 1245 1713 1308 in
1758 1247 2135 1328 unoquovis
2172 1248 2457 1323 viscere,
2496 1250 2827 1322 membre,

587 1361 872 1422 organo,
907 1345 992 1405 'et
1037 1341 1370 1406 musculo.
1462 1339 1595 1422 Qui
1641 1339 1844 1404 oculo
1888 1343 2201 1423 sapiente
2248 1341 2497 1407 lustrat
2542 1342 2717 1420 illas,
2756 1355 2828 1410 et

587 1437 780 1518 plura
825 1437 1158 1500 mirabilia
1203 1437 1316 1512 ibi,
1358 1436 1640 1500 omnino
1684 1435 2179 1519 obstupescet;
2241 1446 2311 1501 et
2355 1457 2565 1520 usque
2610 1458 2827 1520 pauca

586 1541 767 1606 sunt,
808 1551 981 1614 quae
1019 1531 1233 1595 oculis
1267 1531 1496 1608 videt;
1544 1551 1716 1613 quae
1756 1551 1891 1594 non
1928 1532 2119 1595 videt
2158 1529 2379 1596 adhuc
2417 1533 2829 1598 mirabiliora

586 1635 768 1700 sunt,
818 1627 975 1708 quia
1029 1627 1098 1689 in
1159 1634 1404 1691 natura
1451 1625 1797 1692 interiore.
1885 1624 2091 1707 Quod
2149 1626 2268 1691 illa
2324 1626 2541 1692 forma
2596 1647 2823 1694 corre-

585 1721 926 1802 spondeat
992 1719 1248 1784 sormae
1315 1719 1511 1794 caeli,
1573 1729 1770 1801 patet
1830 1720 2189 1784 manifeste
2260 1742 2351 1784 ex
2424 1724 2825 1803 operatione

585 1816 887 1880 omniurn
911 1811 1304 1878 intellectus
1327 1824 1399 1878 et
1431 1814 1809 1877 voluntatis
1841 1816 1909 1878 in
1941 1813 2057 1880 illa
2088 1825 2161 1879 et
2192 1816 2568 1880 secundum
2595 1817 2822 1897 illam;

585 1911 904 1994 quicquid
942 1911 1123 1972 enim
1169 1910 1379 1976 homo
1414 1909 1586 1984 vult,
1626 1909 1881 1974 labitur
1914 1913 2291 1976 secundum
2338 1911 2525 1976 illam
2570 1923 2823 1994 sponte

584 2008 654 2071 in
698 2004 948 2078 actum,
989 2015 1062 2070 et
1101 2007 1417 2087 quicquid
1457 2005 1749 2086 cogitat,
1792 2005 2107 2086 pervadit
2146 2005 2348 2070 fibras
2392 2027 2435 2070 a
2480 2009 2825 2092 principiis

583 2121 814 2166 earum
840 2121 1050 2183 usque
1083 2101 1169 2164 ad
1203 2099 1390 2176 fines,
1421 2101 1600 2165 unde
1632 2121 1911 2178 sensus3
1960 2109 2031 2163 et
2063 2101 2220 2184 quia
2251 2110 2359 2164 est
2389 2101 2605 2166 forma
2628 2105 2822 2186 cogi-

584 2197 868 2262 tationis
892 2205 962 2260 et
991 2195 1390 2271 voluntati5‚
1419 2206 1526 2260 est
1550 2195 1769 2260 forma
1790 2195 2297 2277 intelligentiae
2320 2205 2393 2260 et
2424 2197 2821 2278 sapientiae.

585 2291 780 2356 Haec
840 2292 1059 2356 forma
1117 2302 1246 2367 est,
1297 2312 1468 2374 quae
1528 2290 2020 2373 correspondet
2078 2291 2337 2356 formae
2394 2292 2603 2356 caeli:
2663 2293 2821 2358 inde

581 2390 734 2454 sciri
790 2397 1046 2471 potest,
1101 2389 1283 2472 quod
1342 2387 1504 2452 talis
1551 2387 1641 2452 sit
1700 2387 2077 2452 secundum
2124 2407 2329 2470 quam
2378 2408 2452 2452 se
2499 2390 2822 2454 extendit

581 2485 805 2548 omnis
843 2481 1112 2548 affectio
1149 2493 1222 2547 et
1261 2483 1604 2566 cogitatio
1641 2481 2070 2564 angelorum,
2110 2492 2184 2547 et
2220 2482 2406 2564 quod
2443 2491 2717 2548 tantum
2754 2485 2821 2548 in

582 2579 1048 2661 intelligentia
1085 2588 1157 2644 et
1195 2579 1538 2660 sapientia
1569 2577 1729 2652 sint,
1766 2587 2101 2661 quantum
2138 2579 2205 2640 in
2243 2577 2361 2642 illa
2392 2577 2609 2642 forma
2640 2590 2821 2644 sunt.

583 2675 788 2758 Quod
842 2675 964 2739 illa
1022 2674 1242 2738 forma
1301 2673 1474 2737 caeli
1519 2674 1612 2737 sit
1671 2694 1764 2735 ex
1829 2672 2084 2736 Divino
2144 2673 2471 2739 Humano
2517 2672 2819 2748 Domini,

580 2772 898 2835 videatur
941 2789 1146 2852 supra
1195 2769 1288 2852 (n.
1337 2766 1602 2851 78-86).
1694 2766 1891 2832 Haec
1936 2766 2157 2832 allata
2200 2778 2383 2843 sunt,
2428 2776 2507 2831 ut
2551 2788 2821 2851 quoque

580 2868 858 2939 sciatur,
892 2865 1077 2948 quod
1108 2865 1327 2929 forma
1359 2863 1682 2927 caelestis
1714 2863 1869 2927 talis
1902 2864 2015 2937 sit,
2056 2872 2132 2926 ut
2172 2882 2309 2925 non
2341 2862 2561 2945 possit
2592 2864 2819 2944 quoad

578 2962 972 3025 communia
1003 2980 1126 3023 sua
1149 2978 1433 3042 usquam
1455 2959 1820 3032 exhauriri,
1848 2967 1920 3021 et
1954 2958 2050 3021 sic
2082 2958 2267 3041 quod
2297 2956 2821 3040 incomprehen-

579 3054 794 3121 sibilis
829 3055 923 3119 sit
959 3054 1172 3119 etiam
1207 3054 1496 3137 angelis,
1535 3064 1611 3118 ut
1648 3073 1855 3136 supra
1888 3048 2145 3117 dietum
2181 3061 2315 3116 est.

1537 3600 1866 3691 [XXIV]

1131 3800 1248 3866 DE
1295 3801 1815 3865 Rssommmus
1861 3811 1945 3863 IN
1992 3796 2277 3863 CAELO.

703 4010 892 4079 213·
951 3995 1132 4079 Quia
1168 3994 1434 4059 caelum
1473 3988 1873 4057 distinctum
1904 4001 2013 4056 est
2053 3991 2121 4055 in
2158 3990 2555 4063 societates,
2592 3998 2668 4052 et
2706 4006 2819 4051 so-

579 4090 870 4155 cietates
915 4090 1206 4173 majores
1253 4089 1644 4153 consistunt
1704 4108 1795 4151 ex
1854 4084 2116 4168 aliquot
2160 4085 2475 4149 centenis
2520 4083 2821 4147 millibus

579 4186 986 4269 angelorum
1028 4185 1124 4268 (n.
1178 4182 1310 4267 50),
1359 4194 1432 4249 et
1481 4202 1721 4247 omnes
1757 4183 1941 4245 intra
1978 4181 2391 4243 societatem
2430 4178 2705 4261 quidem
2752 4178 2819 4241 in

579 4282 782 4345 simili
827 4282 1014 4345 bono
1057 4289 1240 4355 sunt,
1279 4279 1401 4343 sed
1447 4298 1587 4341 non
1634 4279 1701 4340 in
1748 4274 1951 4340 simili
1998 4274 2335 4357 sapientia
2382 4270 2478 4357 (n.
2506 4271 2650 4354 43),
2698 4291 2817 4336 ne-

581 4376 880 4440 cessario
925 4377 1254 4458 sequitur,
1301 4374 1487 4456 quod
1534 4375 1745 4437 etiam
1794 4370 2129 4453 regimina
2174 4370 2359 4445 sint;
2420 4368 2592 4433 ordo
2636 4367 2819 4431 enim

580 4479 689 4535 est
722 4470 1212 4544 observandus,
1249 4488 1327 4532 ac
1362 4469 1589 4532 omnia
1621 4467 1874 4531 ordinis
1907 4464 2381 4529 custodienda.
2470 4461 2606 4525 Sed
2638 4462 2817 4545 regi-

581 4567 766 4631 mina
810 4566 880 4629 in
927 4565 1134 4630 caelis
1171 4573 1333 4629 sunt
1370 4565 1594 4641 varia;
1656 4563 1789 4628 alia
1834 4564 1901 4625 in
1946 4560 2394 4626 societatibus
2431 4580 2605 4643 quae
2650 4576 2816 4623 con-
