3371 5304
841 639 1154 694 canum
1193 636 1276 690 m
1316 636 1619 689 MmoRE
1659 637 1952 701 FORMA,
1994 635 2095 687 m·
2131 636 2213 688 m
2253 637 2571 688 MINIMA.
2746 642 2829 709 37

588 833 730 878 non
768 813 952 896 quod
991 812 1482 877 dissimilitudo
1519 811 1639 876 illa
1675 812 1769 877 sit
1806 811 1875 876 in
1914 809 2240 885 Domino,
2276 809 2399 874 sed
2436 811 2505 873 in
2542 807 2679 874 illis
2716 813 2829 894 qui

579 909 821 974 vident
855 907 1089 992 Ipsum
1119 929 1212 972 ex
1245 929 1369 970 suo
1399 908 1604 982 bono,
1640 908 1741 971 ita
1774 907 2150 971 secundum
2182 904 2351 970 illud
2380 925 2395 984 ;
2443 903 2829 969 afficiuntur

582 1005 792 1068 etiam
842 1003 1005 1085 Ipso
1050 1005 1200 1067 viso
1245 1003 1622 1067 secundum
1661 1001 1867 1084 quale
1912 1001 2014 1065 sui
2067 1000 2359 1079 amoris;
2422 1001 2535 1084 qui
2586 1001 2829 1064 intime

582 1109 822 1163 amant
867 1098 1122 1182 Ipsum,
1163 1095 1408 1162 intime'
1449 1096 1856 1173 afficiuntur,
1898 1096 2011 1180 qui
2057 1097 2283 1160 minus
2329 1105 2567 1160 amant
2607 1095 2829 1160 minus

581 1193 1011 1271 afficiuntur;
1073 1193 1236 1256 mali
1283 1194 1395 1275 qui
1441 1203 1645 1256 extra
1683 1192 1951 1255 caelum
1998 1201 2182 1266 sunt,
2223 1191 2313 1254 ad
2358 1191 2829 1274 praesentiam

582 1289 806 1371 Ipsius
837 1287 1245 1352 cruciantur.
1339 1285 1508 1351 Cum
1543 1287 1881 1350 Dominus
1914 1296 2200 1370 apparet
2240 1287 2307 1349 in
2345 1285 2572 1368 aliqua
2605 1285 2827 1349 socie-

582 1393 753 1457 tate,
790 1391 1078 1465 apparet
1117 1381 1208 1444 ibi
1248 1391 1323 1446 ut
1361 1381 1722 1463 Angelus;
1777 1382 1901 1446 sed
1933 1381 2365 1464 dignoscitur
2399 1381 2489 1444 ab
2526 1379 2675 1444 aliis
2711 1400 2833 1462 per

583 1474 907 1540 Divinum
946 1479 1129 1560 quod
1168 1477 1571 1541 translucet.

708 1575 856 1658 56.
916 1570 1200 1636 Caelum
1248 1573 1458 1637 etiam
1504 1582 1635 1647 est,
1679 1572 1791 1636 ubi
1838 1572 2175 1636 Dominus
2213 1571 2637 1654 agnoscitur,
2680 1589 2828 1634 cre-

579 1669 786 1743 ditur,
827 1677 900 1732 et
937 1676 1202 1730 amatur
1233 1689 1248 1745 ;
1295 1669 1596 1731 varietas
1637 1668 1864 1731 cultus
1902 1667 2124 1751 Ipsius
2162 1687 2257 1732 ex
2290 1668 2628 1731 varietate
2666 1665 2830 1729 boni

579 1767 646 1827 in
681 1765 1020 1828 societate
1051 1781 1187 1826 una
1219 1773 1290 1826 et
1323 1762 1564 1837 altera,
1595 1782 1734 1826 non
1767 1762 1898 1827 sert
1931 1764 2283 1837 damnum,
2318 1763 2439 1826 sed
2471 1762 2603 1826 fert
2635 1782 2828 1826 emo·

581 1859 1010 1937 iumentum3
1061 1877 1219 1921 nam
1258 1855 1586 1939 perfectio
1625 1858 1800 1922 caeli
1846 1859 2008 1922 inde
2046 1866 2175 1921 est.
2260 1855 2464 1939 Quod
2505 1854 2829 1939 perfthio

583 1953 756 2018 caeli
799 1953 959 2017 inde
1013 1953 1126 2027 sit,
1162 1971 1368 2034 aegre
1421 1953 1508 2015 ad
1565 1962 1844 2034 captum
1892 1953 2224 2036 explicari
2271 1961 2531 2035 potest.
2572 1951 2702 2015 nisi
2734 1945 2826 2016 'in

584 2067 784 2130 opem
823 2047 1286 2111 adhibeantur
1322 2067 1530 2110 voces
1570 2049 1636 2111 in
1675 2047 1987 2112 litterato
2024 2048 2188 2112 orbe
2208 2045 2559 2112 sollennes
2583 2055 2655 2110 et
2693 2046 2826 2109 usi-

583 2151 793 2217 tatae,
843 2151 915 2206 et
976 2162 1098 2225 per
1150 2141 1303 2205 illas
1350 2152 1743 2224 exponatur
1787 2143 2136 2226 quomodo
2183 2162 2389 2206 unum
2436 2141 2617 2226 quod
2673 2161 2827 2222 per-

583 2234 832 2301 se6tum
871 2258 962 2301 ex
1008 2239 1212 2301 variis
1249 2237 1620 2301 formatur:
1688 2257 1891 2301 omne
1928 2257 2135 2301 unum
2181 2259 2273 2301 ex
2321 2237 2526 2300 variis
2564 2235 2825 2310 existit,

583 2351 741 2395 nam
781 2351 1009 2404 unum,
1039 2332 1220 2414 quod
1261 2352 1397 2394 non
1432 2353 1522 2396 ex
1551 2320 1785 2407 'variiS,
1815 2352 1952 2397 non
1991 2342 2099 2396 est
2139 2329 2416 2415 aliquid,
2446 2351 2581 2395 non
2614 2331 2827 2395 habet

583 2426 894 2499 sormam,
919 2437 991 2491 et
1018 2427 1174 2491 ideo
1205 2447 1344 2490 non
1369 2427 1582 2491 habet
1608 2428 1852 2510 quale:
1901 2447 2056 2491 cum
2082 2438 2313 2492 autem
2342 2447 2549 2491 unum
2580 2428 2828 2491 existit

584 2542 674 2585 ex
711 2522 937 2597 variiS‚
964 2532 1038 2585 et
1074 2524 1259 2585 vari-a
1291 2531 1452 2586 sunt
1490 2523 1560 2586 in
1596 2523 1816 2592 forma
1846 2521 2169 2606 perfecta,
2205 2525 2271 2586 in
2306 2542 2437 2607 qua
2469 2521 2828 2605 quodlibet

583 2615 896 2700 adjungit
943 2637 1016 2681 se
1075 2617 1278 2682 alteri
1326 2627 1400 2683 ut
1456 2619 1751 2682 amicum
1798 2619 2244 2683 consentiens
2294 2619 2361 2682 in
2418 2619 2613 2693 serie,
2662 2626 2827 2681 tunc

583 2712 792 2776 habet
829 2712 1028 2796 quale
1067 2712 1478 2795 perseEtum:
1529 2714 1798 2777 caelum
1836 2716 2049 2777 etiam
2082 2724 2190 2779 est
2234 2734 2440 2777 unum
2488 2735 2579 2778 ex
2626 2712 2829 2775 variis

583 2810 650 2871 in
697 2806 1257 2891 perfectissimam
1295 2809 1585 2873 sormam
1625 2811 2005 2887 ordinatis;
2054 2828 2212 2872 nam
2250 2809 2469 2872 forma
2508 2807 2830 2872 caelestis

585 2913 691 2967 est
747 2905 1049 2967 omnium
1103 2904 1468 2968 formarum
1526 2902 2041 2987 perfectissima.
2133 2904 2339 2986 Quod
2395 2907 2617 2968 omnis
2676 2924 2828 2987 per·

584 2996 787 3063 sectio
824 3000 984 3062 inde
1030 3001 1146 3075 sit,
1187 3009 1383 3082 patet
1431 3000 1519 3063 ab
1565 3003 1752 3065 omni
1799 3000 2329 3082 pulchritudine,
2372 3000 2824 3075 amoenitate,

583 3105 656 3157 et
704 3093 1160 3176 jucunditate,
1208 3116 1382 3177 quae
1429 3094 1735 3159 afficiunt
1783 3105 1928 3159 tam
1976 3116 2215 3160 sensus
2262 3115 2467 3179 quam
2515 3096 2783 3158 animos
2810 3115 2827 3173 ;

586 3188 742 3253 illae
789 3191 970 3253 enim
1019 3210 1156 3253 non
1204 3190 1478 3254 aliunde
1524 3192 1840 3255 existunt
1888 3200 1961 3255 et
2007 3190 2223 3256 fluunt
2272 3210 2475 3275 quam
2522 3212 2613 3253 ex
2662 3210 2828 3254 con·

586 3294 793 3349 centu
830 3294 901 3349 et
940 3284 1298 3349 harmonia
1335 3284 1629 3368 plurium
1665 3287 2238 3350 concordantium
2277 3296 2348 3351 et
2386 3287 2828 3352 consentien-

586 3381 776 3455 tium,
817 3379 961 3442 sive
1009 3398 1092 3443 ea
1135 3381 1204 3442 in
1251 3380 1490 3443 ordine
1536 3381 1963 3455 coexistant,
2005 3382 2151 3445 sive
2194 3382 2263 3445 in
2311 3381 2552 3445 ordine
2584 3401 2828 3445 conse·

585 3482 898 3559 quantur,
927 3482 998 3538 et
1039 3493 1177 3537 non
1216 3495 1306 3537 ex
1339 3495 1476 3537 uno
1508 3475 1769 3558 absque
1794 3474 2135 3559 pluribus:
2186 3476 2347 3540 inde
2373 3476 2621 3540 dicitur
2646 3477 2830 3559 quod

585 3570 882 3632 varietas
923 3566 1249 3641 deleEtet‚
1291 3579 1362 3632 et
1410 3570 1620 3633 scitur
1665 3571 1849 3654 quod
1896 3568 2273 3635 delectatio
2318 3572 2406 3635 sit
2454 3572 2829 3636 secundum

586 3664 788 3746 quale
834 3662 994 3744 ejus.
1086 3664 1200 3727 Ex
1247 3664 1352 3727 his
1397 3665 1578 3729 sicut
1639 3667 1705 3729 in
1760 3665 2045 3749 speculo
2092 3666 2307 3729 videri
2354 3675 2608 3747 potest,
2649 3668 2831 3732 unde

585 3756 913 3841 perfectio
951 3778 1042 3823 ex
1080 3760 1286 3822 variis
1323 3760 1435 3832 sit,
1476 3761 1689 3824 etiam
1728 3761 1794 3823 in
1833 3761 2071 3840 cae103
2136 3780 2295 3825 nam
2342 3782 2433 3825 ex
2480 3761 2615 3825 illis
2655 3783 2829 3845 quae

583 3855 654 3916 in
691 3853 950 3917 mundo
975 3853 1266 3917 naturali
1299 3856 1634 3929 existunt,
1671 3856 1847 3920 sicut
1884 3856 1953 3919 in
1985 3855 2267 3941 speculo
2296 3856 2511 3921 videri
2542 3866 2833 3941 possunt

587 3968 758 4033 quae
794 3948 865 4013 in
903 3949 1162 4013 mundo
1194 3948 1678 4033 spiritualitas)

1382 4200 1460 4251 (nx
1485 4210 1684 4242 Anum
1709 4201 2039 4255 caum-mm.)

862 4382 1090 4453 alioqui
1115 4398 1240 4437 non
1265 4382 1346 4437 sit
1371 4384 1426 4438 ei
1452 4384 1630 4455 quale
1659 4390 1741 4453 (n.
1761 4384 1912 4454 457).

695 4310 878 4437 (ἕέἕ)
917 4306 1097 4395 Quod
1123 4328 1306 4367 omne
1329 4328 1516 4367 unum
1547 4314 1628 4368 sit
1663 4330 1738 4368 ex
1770 4313 2085 4370 harmonia
2118 4322 2183 4370 et
2219 4328 2518 4371 consensu
2550 4314 2828 4387 plurium,

539 4498 546 4505 .
587 4392 650 4437 et
715 4398 754 4437 u
795 4453 875 4508 od
902 4452 1044 4508 inde
1067 4454 1412 4509 universum
1439 4455 1669 4511 caelum
1698 4454 1778 4510 sit
1802 4471 1989 4509 unum
2018 4456 2101 4525 (n.
2125 4454 2275 4525 457).

745 4531 774 4578 t
796 4523 914 4578 hoc
939 4538 1016 4577 ex
1038 4539 1114 4579 eo
1137 4524 1300 4595 quod
1321 4539 1532 4581 omnes
1559 4526 1639 4580 ibi
1659 4524 1934 4597 spectent
1951 4543 2139 4581 unum
2161 4527 2359 4590 finem,
2379 4526 2482 4599 qui
2503 4538 2597 4584 est
2622 4528 2831 4585 Domi-

589 4607 704 4650 nus
731 4594 812 4661 (n.
837 4593 1042 4665 9828).·
