3371 5304
602 651 722 714 312
1243 646 1348 698 DE
1383 643 1634 697 cmo
1678 645 1779 696 ET
1824 642 2188 696 mutuno.

599 815 904 899 spective
971 821 1048 878 ut
1115 823 1455 878 mortuam
1517 811 2027 896 spectaverunt,
2076 813 2285 877 modo
2348 813 2835 878 inservientem

599 909 1080 992 spiritualibus»,
1119 929 1200 994 ac
1247 919 1470 974 semet
1517 910 1586 972 in
1631 929 1721 974 eo
1764 908 2365 984 confirmaverunt,
2402 907 2503 972 illi
2560 909 2629 972 in
2673 927 2831 974 cae·

599 1005 755 1069 lesti
801 1004 952 1068 luce
999 1015 1182 1080 sunt,
1223 1023 1302 1068 ac
1348 1005 1581 1068 omnia
1615 1025 1793 1086 quae
1829 1023 2063 1068 coram
2099 1003 2317 1066 oculis
2352 1023 2585 1066 eorum
2622 1025 2833 1086 appa-

597 1110 773 1176 rent,
795 1100 886 1163 ab
909 1099 1028 1163 illa
1052 1099 1206 1163 luce
1227 1099 1514 1164 trahunt
1535 1099 1719 1182 quod
1744 1098 2137 1180 pelluceant
2166 1119 2181 1176 ;
2227 1108 2301 1162 et
2322 1099 2391 1162 in
2418 1098 2835 1180 pellucentia

596 1195 714 1258 illa
749 1193 1069 1278 spestant
1103 1194 1636 1258 innumerabiles
1674 1194 2183 1274 variegationes
2220 1193 2410 1268 luciS,
2450 1213 2620 1276 quas
2652 1196 2833 1258 visus

595 1309 828 1353 eorum
873 1291 1178 1353 internus
1223 1290 1417 1370 quasi
1473 1289 1873 1352 immediate
1919 1287 2187 1366 haurit3
2246 1288 2404 1352 inde
2450 1290 2833 1370 percipiunt

588 1382 886 1464 jucunda
919 1385 1270 1447 interiora.
1357 1382 1490 1446 Illa
1525 1403 1701 1465 quae
1736 1383 1806 1446 in
1842 1383 2163 1446 domibus
2198 1402 2435 1447 eorum
2470 1393 2831 1465 apparent,

593 1489 754 1542 sunt
811 1480 1004 1561 quasi
1061 1479 1529 1554 adamantina,
1577 1479 1643 1542 in
1704 1478 1947 1560 quibus
2004 1478 2261 1542 similes
2304 1478 2832 1559 variegationes.

595 1571 870 1636 Dictum
901 1583 1031 1648 est,
1061 1574 1241 1657 quod
1277 1574 1577 1654 parietes
1609 1573 1936 1637 domuum
1970 1591 2207 1637 eorum
2238 1574 2377 1636 sint
2412 1574 2603 1655 quasi
2638 1593 2830 1654 crys-

593 1668 838 1743 tallini,
879 1669 978 1733 ita
1021 1689 1290 1750 quoque
1327 1667 1780 1748 pellucente5‚
1821 1677 1893 1732 et
1948 1670 2019 1732 in
2076 1667 2212 1732 illis
2259 1678 2599 1750 apparent
2642 1669 2830 1750 quasi

593 1761 884 1826 fluentes
921 1763 1179 1826 formae
1225 1783 1446 1826 rerum
1489 1761 1895 1826 caelestium
1932 1763 2583 1844 repraesentativae,
2618 1764 2827 1826 etiam

593 1875 745 1920 cum
805 1867 1136 1938 perpetua
1195 1857 1557 1934 varietate,
1601 1866 1676 1920 et
1734 1855 1929 1930 haec,
1976 1857 2136 1938 quia
2193 1857 2353 1920 talis
2412 1856 2831 1938 pellucentia

593 1952 1090 2033 correspondet
1127 1949 1510 2014 intelleAEtui
1548 1951 1894 2015 illustrato
1930 1973 1971 2014 a
2004 1951 2324 2026 Domino,
2358 1951 2641 2016 remotis
2678 1970 2825 2014 urn-

593 2046 730 2108 bris
767 2067 856 2108 ex
895 2045 1028 2108 fide
1067 2056 1138 2109 et
1187 2064 1419 2109 amore
1457 2045 1893 2110 naturalium.
1980 2045 2183 2110 Talia
2218 2056 2401 2118 sunt,
2442 2055 2514 2111 et
2558 2044 2825 2110 infinita

591 2140 746 2216 alia,
781 2140 866 2203 de
905 2140 1168 2222 quibu5‚
1202 2141 1290 2205 ab
1325 2140 1461 2204 illis
1499 2143 1611 2223 qui
1656 2142 1725 2203 in
1762 2140 1959 2204 caelo
2004 2141 2295 2216 suerunt,
2335 2141 2585 2204 dicitur
2642 2142 2823 2223 quod

591 2235 888 2298 viderint
934 2255 1107 2317 quae
1167 2253 1502 2317 nusquam
1555 2235 1795 2300 oculus
1830 2236 2045 2313 vidit3
2108 2245 2183 2299 et
2242 2257 2335 2298 ex
2380 2237 2825 2318 perceptione

593 2328 995 2392 Divinorum
1041 2351 1132 2392 ex
1185 2328 1318 2392 illis
1363 2347 1596 2392 secum
1639 2330 2169 2404 communicata,
2215 2331 2399 2412 quod
2445 2331 2823 2395 audiverint

592 2443 765 2506 quae
825 2443 1156 2506 nusquam
1204 2424 1382 2488 auris
1445 2425 1727 2488 audivit.
1818 2422 1951 2505 Qui
2000 2442 2136 2488 non
2181 2423 2615 2488 clandestine
2658 2445 2819 2506 ege-

591 2529 772 2593 runt,
807 2520 926 2583 sed
965 2520 1329 2582 voluerunt
1367 2529 1441 2581 ut
1481 2519 1713 2582 omnia
1744 2538 1916 2600 quae
1948 2519 2269 2598 cogitant
2304 2519 2537 2600 palam
2567 2529 2820 2593 essent,

591 2625 922 2699 quantum
961 2615 1104 2678 vita
1141 2614 1358 2678 civilis
1394 2615 1725 2695 permisit,
1764 2613 1865 2677 illi
1907 2614 2065 2697 quia
2101 2632 2241 2677 non
2280 2615 2409 2677 nisi
2444 2633 2651 2697 quam
2683 2615 2821 2681 sin-

590 2730 821 2774 cerum
867 2719 938 2773 et
978 2709 1234 2789 justum
1273 2730 1364 2772 ex
1412 2710 1664 2772 Divino
1702 2710 2203 2790 cogitaverunt,
2242 2710 2312 2771 in
2356 2709 2552 2773 caelo
2592 2710 2821 2775 lucent

589 2804 780 2878 facie,
807 2813 880 2866 et
911 2806 978 2867 in
1003 2803 1172 2866 facie
1205 2824 1296 2867 ex
1323 2804 1476 2867 luce
1494 2804 1612 2866 illa
1635 2812 1973 2885 apparent
1998 2804 2307 2885 singulae
2330 2801 2725 2869 affthiones
2748 2814 2821 2869 et

591 2898 1059 2977 cogitationes
1084 2907 1288 2979 prout
1319 2898 1385 2960 in
1418 2898 1652 2972 forma,
1677 2907 1749 2960 et
1780 2897 2007 2979 quoad
2038 2896 2385 2979 loquelam
2414 2907 2487 2961 et
2518 2896 2823 2962 afflones

589 3002 748 3054 sunt
773 2993 964 3073 quasi
990 3012 1259 3055 suarum
1280 2990 1715 3056 affectionum
1739 2990 2018 3073 effigies,
2110 2991 2457 3055 Amantur
2482 2995 2639 3056 inde
2662 3014 2820 3077 prae

589 3086 757 3151 aliis,
848 3085 1019 3151 Cum
1066 3087 1452 3170 loquuntur,
1493 3089 1915 3151 obscurescit
1962 3087 2388 3169 aliquantum
2435 3088 2659 3164 facieS,
2700 3090 2821 3153 sed

589 3190 748 3260 post
788 3180 1131 3262 loquelam
1169 3182 1412 3245 eadem
1451 3202 1624 3263 quae
1663 3181 1875 3245 locuti
1921 3192 2101 3257 sunt,
2136 3192 2472 3264 apparent
2509 3184 2705 3247 simul
2750 3186 2819 3247 in

587 3274 758 3339 facie
783 3275 983 3357 plene
1015 3276 1102 3339 ad
1134 3277 1376 3339 visum.
1465 3274 1719 3339 Omnia
1742 3278 1949 3339 etiam
1976 3297 2149 3359 quae
2180 3279 2435 3342 circum
2460 3277 2617 3341 illos
2635 3278 2818 3343 exis-

587 3379 768 3445 tunt,
803 3372 957 3455 quia
991 3372 1536 3451 correspondent
1573 3371 2304 3457 interioribus-eorum,
2338 3373 2407 3434 in
2448 3371 2571 3435 tali
2608 3390 2819 3455 appa—

586 3466 810 3529 rentia
829 3476 1013 3541 sunt,
1041 3475 1114 3529 ut
1139 3466 1228 3529 ab
1251 3465 1400 3529 aliis
1428 3467 1891 3548 percipiantur
1909 3466 2092 3529 clare
2113 3468 2271 3549 quid
2296 3477 2819 3549 repraesentant

587 3567 657 3623 et
695 3558 1107 3641 significant.
1197 3558 1508 3643 SpirituS,
1545 3562 1789 3642 quibus
1819 3560 2193 3643 jucundum
2230 3562 2352 3626 fuit
2391 3562 2818 3626 clandestine

585 3672 814 3735 agere,
861 3654 1017 3717 illos
1063 3676 1101 3717 e
1147 3654 1523 3737 longinquo
1565 3656 1857 3736 fugiunt,
1905 3666 1977 3719 et
2024 3667 2357 3737 apparent
2402 3658 2529 3719 sibi
2584 3676 2817 3738 repere

583 3750 673 3812 ab
709 3749 845 3813 illis
881 3750 1059 3813 sicut
1097 3760 1476 3831 serpentes.
1567 3748 1702 3831 Qui
1736 3750 2078 3814 adulteria
2113 3771 2236 3832 pro
2274 3750 2583 3815 nefandis
2620 3770 2817 3831 repu-

585 3853 930 3919 taverunt,
971 3852 1042 3907 et
1102 3844 1170 3907 in
1224 3855 1426 3908 casto
1471 3864 1703 3908 amore
1762 3843 2058 3927 conjugii
2116 3845 2460 3919 vixerunt,
2500 3845 2599 3909 illi
2658 3865 2817 3928 prae

583 3938 859 4021 reliquis
896 3939 964 4001 in
995 3938 1232 4001 ordine
1269 3949 1343 4004 et
1377 3938 1593 4003 forma
1625 3938 1799 4003 caeli
1830 3949 2013 4015 sunt,
2046 3949 2119 4004 et
2153 3939 2311 4003 inde
2348 3940 2417 4003 in
2449 3941 2634 4005 omni
2665 3940 2816 4022 pul-

583 4034 989 4106 chritudine,
1025 4043 1097 4096 et
1130 4034 1457 4097 continue
1489 4035 1556 4098 in
1583 4032 1963 4116 juventutis
1994 4033 2196 4099 flore:
2239 4033 2537 4115 jucunda
2566 4034 2815 4098 amoris

583 4127 854 4191 illorum
893 4136 1052 4192 sunt
1091 4128 1480 4203 ineffabilia,
1519 4139 1591 4193 et
1629 4140 1947 4193 crescunt
1993 4130 2061 4193 in
2106 4140 2502 4208 aeternum;
2550 4146 2709 4192 nam
2746 4129 2813 4191 in

583 4221 774 4285 illum
807 4241 1108 4285 amorem
1141 4225 1373 4287 omnia
1397 4222 1696 4304 jucunda
1724 4234 1797 4289 et
1830 4226 2081 4305 gaudia
2111 4223 2289 4289 caeli
2316 4224 2629 4299 influunt,
2660 4223 2815 4305 quia

584 4318 700 4381 ille
737 4338 929 4380 amor
966 4318 1327 4381 descendit
1366 4338 1458 4381 ex
1494 4316 1970 4399 conjuncStione
2010 4319 2285 4382 Domini
2322 4337 2478 4381 cum
2510 4317 2707 4383 caelo
2740 4327 2813 4381 et

582 4430 736 4475 cum
774 4412 1088 4484 ecclesia,
1131 4422 1202 4475 et
1249 4413 1316 4475 in
1363 4432 1617 4493 genere
1663 4434 1753 4475 ex
1801 4410 2279 4494 conjuntffione
2322 4412 2487 4475 boni
2530 4421 2606 4477 et
2648 4412 2811 4489 veri,

583 4526 757 4588 quae
796 4502 1186 4586 conjunctio
1231 4516 1338 4569 est
1385 4508 1607 4588 ipsum
1645 4506 1911 4571 caelum
1972 4508 2039 4570 in
2096 4508 2463 4583 communi,
2502 4515 2575 4573 et
2632 4506 2811 4588 apud

585 4601 1100 4682 unumquemvis
1154 4600 1475 4682 angelum
1535 4602 1602 4663 in
1650 4601 2037 4683 particulari
2088 4600 2431 4684 (videatur
2474 4620 2699 4685 supra,
2746 4621 2811 4665 n.
