3371 5304
827 661 1105 716 PRIMUS
1151 659 1438 714 STATUS
1483 657 1813 711 HOMINIS
1850 655 2045 707 .1>os·r
2090 652 2441 706 MORTEM.
2648 653 2769 724 313

534 833 878 917 366-386).
965 833 1278 916 Jucunda
1313 849 1546 895 eorum
1579 837 1897 902 externa,
1938 825 2105 890 talia
2138 835 2321 901 sunt,
2358 833 2437 889 ut
2474 843 2612 888 non
2652 825 2773 888 de·

531 929 732 996 scribi
785 930 1070 994 vocibus
1127 928 1446 992 humanis
1503 927 1795 1007 possint.
1886 922 2025 988 Sed
2082 923 2255 986 haec
2310 939 2529 1002 pauca
2586 929 2771 1018 sunt,

528 1045 704 1110 quae
763 1027 852 1091 de
911 1023 1542 1106 correspondentiis
1592 1021 2045 1104 jucundorum
2092 1018 2274 1100 apud
2318 1014 2475 1080 illos
2528 1016 2641 1098 qui
2704 1015 2771 1078 in

530 1123 816 1186 caelesti
853 1140 1086 1185 amore
1125 1129 1308 1194 sunt,
1349 1115 1533 1182 dieta
1569 1126 1751 1180 sunt.

655 1233 866 1303 490.
929 1216 1044 1279 Ex
1081 1217 1188 1278 his
1225 1215 1380 1278 sciri
1417 1223 1679 1295 potest,
1720 1211 1903 1295 quod
1935 1209 2239 1292 jucunda
2270 1208 2578 1272 omniurn
2617 1215 2776 1287 post

529 1325 826 1378 mortem
857 1321 1218 1376 vertantur
1248 1312 1314 1373 in
1347 1309 1983 1389 coi-respondentia,
2018 1316 2347 1370 manente
2376 1323 2594 1386 usque
2625 1303 2775 1383 ipso

529 1425 761 1471 amore
807 1407 876 1469 in
921 1415 1323 1483 aeternum;
1392 1413 1594 1485 prout
1641 1421 1835 1466 amor
1880 1399 2306 1482 conjugiaIiS,
2352 1416 2545 1461 amor
2584 1396 2772 1478 justi,

529 1500 798 1575 sinceri,
847 1499 1030 1574 boni,
1079 1509 1152 1562 et
1197 1499 1362 1570 veri,
1411 1516 1604 1560 amor
1639 1496 2083 1559 scientiarum
2135 1502 2209 1557 et
2274 1491 2773 1574 cognitionum,

528 1582 724 1657 amor
779 1593 1286 1673 intelligentiae
1347 1601 1421 1654 et
1485 1589 1889 1672 sapientiae,
1938 1607 2017 1651 ac
2076 1585 2355 1669 reliqui:
2425 1585 2545 1649 illa
2600 1605 2775 1667 quae

528 1687 688 1750 inde
725 1685 941 1750 fluunt
975 1688 1151 1749 sicut
1199 1685 1324 1748 rivi
1361 1704 1402 1747 a
1437 1703 1562 1746 suo
1597 1685 1815 1758 fonte,
1850 1691 2011 1744 sunt
2038 1680 2359 1761 jucunda,
2392 1699 2567 1762 quae
2606 1698 2775 1761 quo·

530 1801 660 1864 que
715 1789 1145 1862 permanent,
1193 1779 1318 1842 sed
1379 1777 1784 1844 exaltantur
1840 1775 1929 1840 ad
1988 1775 2406 1858 superiorem
2462 1773 2773 1856 gradum,

532 1893 688 1938 cum
723 1893 766 1937 a
801 1873 1230 1938 naturalibus
1267 1873 1356 1936 ad
1395 1869 1795 1954 spiritualia.

1563 2349 1745 2434 [ιι]

785 2536 902 2602 DE
949 2536 1196 2602 ano
1242 2534 1500 2602 STATu
1539 2534 1883 2600 Homms
1927 2545 2109 2600 Pos‘r
2154 2533 2521 2599 MORTEM.

657 2736 858 2806 491·
918 2719 1094 2785 Sunt
1133 2730 1276 2785 tres
1313 2729 1542 2785 status
1577 2738 1749 2803 quos
1786 2720 1999 2784 homo
2034 2720 2215 2783 subit
2252 2729 2414 2799 post
2452 2728 2771 2794 mortem.

532 2826 904 2898 antequam
951 2815 1063 2881 vel
1123 2816 1192 2879 in
1239 2816 1510 2881 caelum
1545 2814 1660 2879 vel
1720 2816 1787 2878 in
1834 2815 2169 2879 infernum
2212 2815 2425 2879 venit.
2514 2815 2775 2879 Primus

532 2922 758 2977 status
787 2922 895 2977 est
925 2913 1347 2975 exteriorum
1379 2910 1520 2992 ejus
1547 2932 1564 2989 3
1612 2911 1952 2975 secundus
1982 2919 2209 2974 status
2234 2920 2342 2974 est
2374 2912 2778 2977 interiorum

530 3007 670 3088 ejus
703 3028 720 3085 ς
779 3017 854 3073 et
891 3008 1139 3073 tertius
1173 3018 1404 3075 status
1440 3018 1550 3071 est
1588 3008 2133 3089 praeparationis
2170 3006 2357 3088 ejus:
2404 3006 2615 3071 homo
2646 3007 2777 3071 hos

531 3115 757 3169 status
815 3103 998 3168 subit
1055 3104 1129 3167 in
1185 3103 1446 3167 mundo
1503 3104 1886 3184 spirituum.
1974 3099 2273 3184 Quidam
2319 3112 2552 3165 autem
2592 3113 2773 3179 sunt,

531 3200 645 3283 qui
688 3199 816 3263 hos
861 3209 1087 3263 status
1135 3218 1272 3263 non
1318 3198 1636 3274 subeunt,
1677 3199 1799 3262 sed
1848 3200 2089 3262 statim
2128 3206 2287 3281 post
2320 3208 2617 3263 mortem
2663 3197 2775 3262 vel

531 3294 924 3359 auferuntur
967 3295 1038 3358 in
1083 3294 1374 3369 caelum,
1414 3294 1528 3357 vel
1575 3294 2033 3375 conjiciuntur
2074 3293 2143 3357 in
2190 3292 2547 3359 infernum.
2638 3293 2771 3368 Illi,

531 3393 644 3475 qui
679 3391 920 3455 statim
951 3391 1344 3455 auferuntur
1377 3393 1448 3453 in
1486 3390 1780 3466 caelum,
1814 3400 1975 3453 sunt
2014 3392 2125 3473 qui
2162 3391 2552 3471 regenerati
2588 3402 2772 3466 sunt,

531 3500 606 3552 et
643 3488 740 3551 sic
775 3488 868 3550 ad
905 3486 1173 3550 caelum
1213 3488 1604 3569 praeparati
1647 3487 1716 3549 in
1756 3486 2051 3549 mundo:
2102 3486 2213 3568 qui
2249 3487 2351 3549 ita
2386 3488 2775 3567 regenerati

531 3593 606 3647 et
648 3583 1036 3665 praeparati
1073 3592 1256 3657 sunt,
1298 3592 1372 3646 ut
1419 3583 1627 3646 modo
1665 3601 1839 3663 opus
1876 3581 2184 3645 habeant
2218 3580 2498 3661 rejicere
2535 3584 2777 3645 sordes

531 3678 879 3743 naturales
925 3696 1080 3741 cum
1125 3697 1436 3758 corpore,
1473 3677 1572 3741 illi
1609 3678 1849 3742 statim
1908 3677 1998 3740 ab
2054 3677 2321 3757 angelis
2378 3678 2445 3741 in
2506 3677 2774 3742 caelum

529 3773 876 3851 seruntur3
925 3774 1065 3837 vidi
1098 3773 1412 3839 sublatos
1437 3784 1596 3856 post
1627 3775 1873 3838 mortis
1894 3774 2157 3838 horam.
2248 3772 2383 3855 Qui
2412 3784 2644 3836 autem
2670 3775 2773 3835 in·-

529 3870 740 3933 terius
761 3868 1088 3933 malitiosi
1111 3870 1404 3947 fuerunt,
1426 3880 1499 3933 et
1519 3870 1829 3935 exterius
1854 3870 1940 3933 ad
1966 3870 2438 3951 apparentiam
2464 3870 2649 3943 boni,
2676 3870 2776 3933 ita

531 3966 644 4049 qui
680 3964 1142 4047 impleverunt
1177 3964 1685 4047 malignitatem
1724 3985 1917 4029 suam
1954 3964 2153 4038 dolis,
2194 3984 2274 4027 ac
2321 3965 2637 4028 bonitate
2672 3966 2776 4026 usi

529 4082 656 4145 pro
685 4061 916 4125 medio
937 4060 1206 4135 doloso,
1232 4060 1330 4124 illi
1355 4062 1598 4125 statim
1631 4062 1699 4124 in
1733 4060 2064 4124 infernum
2092 4058 2545 4141 conjiciuntur
2573 4080 2589 4137 3
2634 4059 2773 4122 vidi

531 4154 796 4238 aliquot
841 4154 1020 4219 tales
1059 4156 1302 4219 statim
1349 4166 1508 4238 post
1553 4166 1849 4219 mortem
1886 4150 2237 4234 conjestos
2283 4154 2351 4217 in
2398 4152 2771 4229 infernum3

533 4270 738 4314 unum
770 4251 1282 4314 dolosis-‚simum
1313 4252 1546 4332 capite
1570 4252 1889 4313 deorsum
1924 4260 1995 4313 et
2027 4248 2313 4332 pedibus
2346 4266 2611 4311 sursum
2640 4268 2655 4325 ;
2704 4258 2775 4311 et

531 4347 706 4411 alios
741 4346 964 4410 aliter.
1057 4344 1232 4410 Sunt
1278 4366 1550 4429 quoque
1585 4347 1697 4428 qui
1736 4346 1978 4409 statim
2018 4353 2179 4427 post
2216 4354 2513 4407 mortem
2552 4342 2757 4424 rejici·

531 4450 732 4507 untur
767 4442 838 4505 in
875 4460 1229 4516 cavernaS,
1271 4452 1345 4505 et
1381 4443 1477 4505 sic
1517 4452 1925 4524 separantur
1960 4441 2049 4504 ab
2086 4440 2221 4503 illis
2256 4443 2369 4523 qui
2406 4441 2475 4503 in
2514 4439 2773 4502 mundo

531 4538 888 4619 spirituum
934 4548 1117 4611 sunt,
1167 4556 1246 4601 ac
1292 4538 1454 4601 inde
1497 4539 1895 4603 eximuntur
1952 4546 2025 4601 et
2082 4537 2243 4600 illuc
2304 4537 2775 4599 immittuntur

531 4654 653 4716 per
687 4634 919 4713 vices;
979 4632 1050 4697 hi
1095 4642 1256 4699 sunt
1294 4634 1405 4718 qui
1443 4634 1570 4698 sub
1607 4644 1977 4715 praetextu
2014 4633 2195 4697 civili
2228 4632 2573 4696 malitiose
2604 4650 2767 4713 ege·
