3371 5304
546 592 674 673 236
1188 607 1290 658 DE
1334 606 1587 659 CAELo
1636 571 1736 659 ΕΤ
1777 608 2124 664 mmmm

542 789 708 843 cunt
769 798 975 862 porro
1032 781 1217 863 quod
1275 779 1485 844 homo
1543 800 1754 862 aegre
1811 780 1944 845 hoc
2005 781 2576 862 comprehendat,
2631 782 2792 867 quia

541 874 739 957 pauci
785 884 947 943 sunt
994 876 1109 958 qui
1165 875 1236 939 in
1280 877 1583 959 genuino
1628 896 1862 941 amore
1907 875 2280 959 conjugiali
2323 886 2508 953 sunt,
2555 886 2630 943 et
2676 878 2791 961 qui

540 972 611 1035 in
646 970 770 1034 illo
806 990 947 1035 non
994 980 1181 1049 sunt,
1220 990 1499 1055 prorsus
1536 972 1704 1036 nihil
1737 973 1965 1036 sciunt
2001 972 2092 1035 de
2127 972 2435 1036 interiori
2465 970 2788 1053 jucunde,

540 1066 725 1150 quod
768 1066 837 1129 in
884 1065 1007 1130 illo
1041 1076 1455 1154 amore-est,
1496 1068 1620 1131 sed
1667 1066 1894 1131 solum
1953 1067 2042 1133 de
2093 1065 2398 1148 jucundo
2442 1066 2788 1145 lasciviae,

540 1162 724 1245 quod
740 1160 1115 1243 jucundum
1140 1162 1432 1227 vertitur
1462 1164 1530 1227 in
1554 1160 1994 1247 injucundum
2019 1172 2176 1245 post
2201 1163 2480 1226 brevem
2505 1163 2790 1227 cohabi-

540 1256 921 1335 tationem;
969 1266 1043 1320 at
1074 1256 1448 1337 jucundum
1480 1258 1733 1322 amoris
1763 1276 1925 1321 vere
1954 1256 2358 1339 conjugialis
2389 1277 2531 1322 non
2570 1258 2792 1322 solum

542 1362 811 1435 perstat
868 1352 956 1415 ad
1016 1348 1365 1415 senectam
1426 1352 1495 1415 in
1548 1351 1828 1427 mundo,
1869 1351 1991 1415 sed
2037 1354 2246 1415 etiam
2299 1350 2378 1416 fit
2416 1352 2790 1433 jucundum

541 1449 715 1513 caeli
753 1456 912 1529 post
945 1448 1232 1524 obitum,
1260 1457 1332 1512 et
1366 1456 1533 1511 tunc
1564 1448 1868 1511 interiori
1892 1445 2196 1527 jucundo
2227 1446 2574 1529 impletur,
2608 1448 2792 1530 quod

541 1542 888 1626 perficitur
930 1544 999 1607 in
1046 1552 1423 1607 aeternum.
1514 1541 1862 1606 Dixerunt
1909 1542 2146 1617 etiam,
2187 1543 2367 1626 quod
2415 1543 2792 1606 beatitudi-

542 1660 665 1704 nes
709 1639 962 1703 amoris
1016 1658 1175 1703 vere
1235 1636 1639 1720 conjugialis
1687 1637 1956 1721 possint
2001 1639 2383 1701 enumerari
2442 1639 2530 1702 ad
2598 1637 2794 1719 plura

542 1734 777 1810 millia,
817 1754 1099 1819 quarum
1138 1754 1227 1798 ne
1264 1734 1536 1816 quidem
1576 1754 1711 1797 una
1745 1732 2005 1797 homini
2044 1744 2214 1799 nota
2249 1743 2378 1809 est,
2421 1753 2550 1797 nec
2587 1732 2792 1797 intel·

543 1827 726 1894 lectu
764 1830 1525 1912 comprehendipotest
1578 1829 1668 1893 ab
1721 1828 1977 1912 aliquo,
2014 1830 2130 1913 qui
2173 1849 2312 1895 non
2356 1830 2426 1893 in
2473 1828 2793 1911 conjugio

543 1926 705 1989 boni
742 1934 813 1989 et
850 1925 995 1989 veri
1031 1934 1141 1989 est
1177 1943 1220 1988 a
1257 1924 1579 1987 Domino.

669 2020 880 2103 380.
940 2019 1161 2084 Amor
1192 2020 1473 2083 dominii
1505 2020 1702 2082 unius
1735 2039 1938 2102 super
1968 2018 2262 2083 alterum
2294 2039 2573 2101 prorsus
2604 2018 2792 2083 tollit

544 2134 849 2179 amorem
886 2114 1368 2197 conjugialem,
1409 2125 1481 2179 et
1519 2114 1661 2196 ejus
1699 2115 2005 2179 caeleste
2031 2114 2451 2197 jucundum3
2499 2132 2682 2191 nam,
2716 2125 2793 2179 ut

544 2231 749 2293 supra
794 2208 1053 2273 dic'tum
1090 2220 1221 2284 est,
1262 2229 1454 2274 amor
1490 2208 1900 2291 conjugialis
1935 2221 2008 2274 et
2045 2208 2188 2291 ejus
2216 2208 2586 2291 jucundum
2625 2229 2792 2274 con·-

544 2308 728 2370 sistit
760 2306 828 2368 in
866 2326 973 2381 e0,
1008 2314 1084 2369 ut
1124 2306 1317 2369 unius
1350 2304 1675 2369 voluntas
1713 2306 1804 2369 sit
1835 2304 2138 2379 alteriu3‚
2173 2314 2244 2369 et
2279 2304 2412 2368 hoc
2445 2315 2686 2369 mutuo
2719 2316 2794 2369 et

545 2402 885 2466 vicissim:
958 2400 1090 2463 hoc
1152 2419 1347 2463 amor
1406 2400 1691 2464 dominii
1749 2400 1819 2463 in
1874 2399 2195 2481 conjugio
2251 2399 2572 2475 destruit,
2633 2418 2793 2464 nam

544 2498 912 2561 dominans
944 2495 1095 2560 vult
1134 2505 1209 2559 ut
1256 2515 1376 2558 sua
1414 2495 1741 2559 voluntas
1779 2494 1932 2558 sola
1975 2496 2064 2558 sit
2109 2496 2178 2559 in
2224 2494 2472 2571 altero,
2511 2504 2585 2559 et
2620 2496 2794 2558 reci-

547 2612 754 2675 proce
790 2591 1075 2656 alterius
1122 2592 1191 2654 in
1238 2600 1459 2654 semet
1500 2590 1708 2667 nulla,
1749 2590 1909 2654 inde
1955 2608 2096 2655 non
2133 2599 2466 2667 mutuum,
2507 2590 2794 2672 proinde

546 2691 739 2754 nulla
782 2689 1321 2754 communicatio
1368 2686 1651 2769 alicujus
1697 2687 1950 2750 amoris
2003 2696 2076 2750 et
2129 2687 2272 2768 ejus
2311 2685 2592 2768 jucundi
2639 2705 2795 2750 cum

544 2786 792 2861 altero,
856 2795 929 2849 et
994 2784 1340 2862 vicissim3
1397 2801 1571 2865 quae
1625 2791 1864 2846 tamen
1911 2782 2447 2846 communicatio
2503 2793 2576 2846 et
2635 2781 2797 2846 inde

546 2877 938 2961 conjunctio
1002 2887 1110 2942 est
1176 2879 1325 2960 ipsa
1384 2877 1668 2940 interior
1719 2875 2139 2957 jucunditas,
2201 2896 2378 2958 quae
2435 2876 2798 2940 beatitudo

546 2985 854 3050 vocatur,
888 2975 958 3037 in
996 2972 1357 3055 conjugi03
1406 2991 1598 3036 amor
1629 2970 1914 3034 dominii
1951 2969 2130 3034 hanc
2163 2970 2690 3047 beatitudinem,
2725 2981 2798 3034 et

546 3088 702 3134 cum
740 3068 859 3132 illa
896 3087 1102 3133 omne
1140 3067 1449 3132 caeleste
1487 3076 1558 3131 et
1598 3066 1950 3148 spirituale
1985 3066 2168 3130 illius
2203 3067 2479 3141 amoriS,
2519 3085 2798 3148 prorsus

550 3164 960 3246 exstinguit,
988 3182 1201 3246 usque
1234 3163 1412 3226 adeo
1444 3171 1519 3224 ut
1552 3181 1692 3225 non
1727 3162 1984 3226 sciatur
2013 3161 2198 3243 quod
2231 3162 2323 3224 sit
2351 3182 2367 3239 ;
2415 3165 2488 3224 e't
2521 3162 2578 3224 si
2607 3162 2798 3225 dice·-

548 3267 760 3333 retur,
808 3278 931 3340 pro
990 3267 1135 3322 tam
1194 3257 1311 3321 vili
1370 3256 1762 3332 haberetur,
1811 3266 1885 3320 ut
1945 3257 2033 3319 ad
2093 3255 2314 3319 solam
2375 3257 2799 3320 mentionem

550 3353 999 3418 beatitudinis
1043 3353 1205 3417 inde
1250 3351 1361 3416 vel
1408 3353 1713 3415 riderent
1759 3350 1872 3415 vel
1933 3352 2410 3415 irascerentur.
2500 3349 2800 3433 Quando

551 3469 723 3513 unus
762 3448 911 3512 vult
948 3469 1068 3511 seu
1113 3459 1305 3512 amat
1350 3447 1532 3529 quod
1578 3446 1780 3522 alter,
1821 3456 1984 3511 tunc
2033 3445 2320 3510 liberum
2357 3454 2467 3508 est
2511 3446 2798 3528 utrique,

553 3564 713 3609 nam
758 3562 966 3608 omne
1010 3542 1299 3607 liberum
1347 3552 1456 3606 est
1500 3542 1796 3618 amoris;
1855 3551 1928 3605 at
1974 3539 2263 3604 liberum
2311 3539 2478 3604 nulli
2515 3550 2648 3615 est,
2689 3539 2803 3604 ubi

550 3640 968 3705 dominium:
1016 3657 1189 3702 unus
1213 3646 1322 3702 est
1356 3657 1633 3716 servus;
1680 3635 2050 3701 dominans
2084 3655 2377 3719 quoque,
2416 3635 2575 3718 quia
2611 3634 2802 3700 duci-

661 3879 843 3954 Quod
921 3880 1080 3936 lures
1108 3895 1327 3934 uxores
1358 3878 1537 3934 simul
1575 3878 1797 3932 ducere
1833 3876 1912 3932 sit
1949 3885 2163 3930 contra
2199 3874 2473 3930 ordinem
2515 3873 2801 3930 Divinum
2861 3913 2871 3921 .

582 3969 639 4010 n.
672 3952 770 4006 108
928 3951 1026 4006 108
1066 3951 1167 4018 7]).

462 3973 471 4066 ξ
558 3953 581 4022 (
664 3951 1062 4094 Qu3c⁵1[c0n53
1108 4022 1228 4075 ium
1260 4037 1383 4076 non
1414 4020 1497 4075 sit
1527 4018 1642 4074 nisi
1672 4017 1852 4073 unius
1883 4017 2082 4073 mariti
2109 4026 2172 4073 et
2195 4016 2375 4072 unius
2399 4015 2622 4078 uxoris,
2647 4016 2804 4070 clare

556 4093 719 4166 perci
766 4094 923 4148 iatur
946 4094 1022 4147 ab
1050 4093 1065 4146 i
1092 4091 1166 4148 lis
1194 4092 1298 4163 qui
1330 4093 1393 4146 in
1424 4104 1610 4162 regno
1638 4089 1883 4144 caelesti
1925 4087 2172 4144 Domini
2203 4098 2347 4143 sunt
2380 4090 2462 4155 (n.
2495 4087 2616 4156 865,
2649 4085 2808 4156 32⁴⁶·

556 4165 725 4235 9902[
772 4178 929 4234 9002,
956 4163 1138 4234 9961].
1166 4163 1392 4232 10172);
1429 4176 1610 4216 causa
1634 4169 1745 4222 est,
1766 4158 1910 4232 quia
1931 4157 2130 4231 angeli
2157 4159 2238 4214 ibi
2265 4159 2327 4214 in
2352 4157 2643 4230 conjugio
2663 4157 2804 4213 boni

556 4246 620 4294 et
642 4235 768 4290 veri
794 4244 936 4290 sunt
966 4237 1046 4303 (n.
1076 4233 1256 4302 3²46)·
2037 4257 2042 4260 ·

665 4303 845 4379 Quod
886 4305 1243 4375 permissum
1282 4301 1462 4358 fuerit
1490 4301 1657 4375 genti
1695 4299 2058 4357 israeliticae
2086 4300 2285 4371 plures
2316 4315 2533 4355 uxores
2568 4298 2805 4362 ducere,

558 4387 622 4434 et
656 4377 735 4432 ad
774 4393 991 4433 uxores
1024 4375 1353 4446 adjungere
1388 4374 1774 4435 concubinas,
1815 4388 1936 4428 non
1973 4383 2176 4426 autem
2215 4369 2588 4432 Christianis.
2627 4385 2810 4424 causa

560 4457 690 4504 erat
712 4447 855 4517 quia
870 4463 1021 4518 gens
1041 4447 1144 4502 illa
1168 4446 1228 4500 in
1248 4445 1515 4500 externis
1538 4446 1767 4514 absque
1792 4441 2044 4498 internis
2063 4452 2223 4506 erat:
2254 4441 2584 4500 Christiani
2602 4450 2806 4496 autem

604 4529 821 4574 ossunt
850 4535 982 4576 esse
1013 4517 1075 4573 in
1106 4517 1379 4580 internis,
1406 4517 1495 4572 ita
1524 4515 1585 4570 in
1614 4515 1904 4588 conjugio
1931 4513 2073 4569 boni
2104 4524 2168 4571 et
2195 4514 2320 4570 veri
2355 4515 2435 4570 (n.
2467 4511 2625 4582 3246,
2647 4509 2808 4580 4837,

563 4536 752 4660 8309).

1041 4663 1049 4670 ο
