3371 5304
606 650 728 717 354
1256 647 1358 698 DE
1403 647 1656 701 CAnLo
1704 649 1803 700 m·
1846 651 2211 702 mraauo,

603 838 764 883 nam
801 839 842 883 a
879 828 1086 902 tergo
1121 826 1230 884 est
1269 827 1343 883 et
1380 829 1725 902 operatur,
1764 829 1838 884 et
1874 841 2149 906 quoque
2186 822 2442 905 aliquid
2484 825 2849 889 umbrosae

605 915 774 978 lucis
821 915 890 978 in
936 912 1216 980 oculum
1253 913 1550 978 hominis
1595 934 1717 997 per
1760 917 1988 979 varios
2037 918 2368 981 transitus
2407 919 2852 983 circumcirca

602 1011 870 1074 interea
906 1010 1248 1074 immittit.
1341 1009 1424 1072 In
1471 1011 1731 1074 mundo
1767 1012 2103 1094 spirituali
2142 1013 2367 1077 simile
2402 1023 2550 1078 est:
2600 1013 2721 1079 Sol
2759 1016 2850 1080 ibi

603 1115 714 1169 est
761 1104 1100 1168 Dominus
1147 1122 1229 1167 ac
1277 1103 1566 1167 Divinus
1604 1105 1829 1169 Amor
1868 1105 1965 1188 (n.
2008 1105 2376 1191 116—140);
2440 1107 2562 1171 lux
2608 1111 2703 1173 ibi
2745 1121 2854 1175 est

603 1201 927 1265 Divinum
959 1201 1221 1265 Verum
1258 1199 1354 1284 (n.
1401 1201 1765 1284 126-140);
1826 1204 2043 1266 nubes
2074 1197 2313 1286 nigrae
2350 1205 2441 1269 ibi
2479 1215 2641 1270 sunt
2678 1205 2852 1272 salsa

601 1318 694 1362 ex
733 1295 961 1376 malo;
1006 1296 1244 1360 oculus
1281 1297 1372 1361 ibi
1417 1305 1526 1360 est
1572 1295 1991 1362 intellectus.
2084 1297 2441 1380 Quantum
2470 1300 2715 1384 aliquis
2758 1301 2849 1366 ibi

601 1393 669 1457 in
709 1391 898 1456 falsis
935 1413 1027 1456 ex
1063 1391 1248 1455 malo
1281 1401 1412 1468 est,
1453 1400 1726 1455 tantum
1758 1403 1867 1456 est
1899 1394 2151 1458 circum
2186 1393 2376 1458 illum
2410 1394 2571 1459 talis
2610 1396 2847 1472 nubeS‚

601 1489 800 1570 nigra
823 1495 894 1550 et
918 1487 1348 1551 condensata
1371 1487 1744 1550 secundum
1772 1489 2059 1570 gradum
2086 1488 2265 1552 mali.
2360 1489 2475 1552 Ex
2500 1510 2634 1573 qua
2658 1509 2847 1555 com·

601 1584 960 1666 paratione
998 1582 1213 1646 videri
1249 1589 1508 1665 potest,
1543 1581 1727 1665 quod
1768 1585 2161 1663 praesentia
2197 1583 2475 1648 Domini
2514 1595 2849 1668 perpetua

600 1679 692 1742 sit
729 1677 911 1760 apud
949 1677 1492 1760 unumquemviS‚
1533 1677 1654 1740 sed
1696 1678 1882 1760 quod
1919 1679 2377 1742 diversimode
2416 1681 2805 1761 recipiatur.

726 1787 934 1856 550.
1007 1771 1299 1855 Spiritus
1355 1772 1518 1834 mali
1579 1773 1649 1835 in
1696 1773 1953 1838 mundo
1999 1774 2358 1856 spirituum
2396 1773 2601 1838 valde
2648 1776 2845 1857 puni·

602 1877 826 1942 untur,
861 1877 936 1931 ut
974 1887 1094 1949 per
1125 1887 1382 1950 poenas
1421 1868 1901 1931 deterreantur
1936 1889 1975 1931 a
2012 1868 2211 1932 malis
2247 1868 2596 1933 faciendis.
2689 1869 2846 1934 Hoc

601 1985 869 2047 quoque
909 1973 1194 2046 apparet
1234 1965 1411 2027 sicut
1456 1985 1496 2028 a
1545 1963 1869 2028 Domino.
1958 1962 2063 2029 At
2108 1983 2320 2047 usque
2366 1962 2533 2028 nihil
2580 1983 2846 2048 poenae

602 2062 690 2123 ibi
737 2069 846 2124 est
891 2080 932 2123 a
991 2058 1314 2135 Domino,
1363 2061 1485 2122 sed
1531 2060 1620 2123 ab
1685 2061 1839 2142 ipso
1884 2059 2107 2138 malo;
2178 2078 2337 2124 nam
2386 2059 2643 2124 malum
2688 2081 2845 2126 cum

600 2175 720 2218 sua
767 2173 992 2236 poena
1035 2155 1136 2218 ita
1181 2151 1613 2238 conjunctum
1662 2163 1771 2218 est
1818 2163 1893 2218 ut
1940 2156 2239 2237 separari
2287 2165 2677 2238 nequeant:
2740 2157 2845 2220 in-

599 2251 872 2314 fernalis
911 2251 1092 2314 enim
1131 2251 1330 2314 turba
1356 2249 1520 2314 nihil
1567 2249 1720 2332 plus
1759 2251 1945 2333 cupit
1983 2259 2055 2314 et
2102 2259 2291 2313 amat
2338 2269 2541 2334 quam
2588 2249 2844 2315 malum

600 2367 830 2428 agere,
878 2345 1207 2429 imprimis
1252 2364 1512 2428 poenas
1557 2343 1864 2427 infligere
1924 2353 1995 2408 et
2062 2345 2385 2420 cruciare,
2431 2353 2506 2408 et
2572 2365 2843 2430 quoque

599 2439 854 2503 malum
891 2440 1150 2504 faciunt
1196 2449 1268 2504 et
1313 2457 1574 2522 poenas
1611 2439 1928 2521 infligunt
1973 2439 2185 2502 cuivis
2230 2439 2343 2522 qui
2390 2459 2527 2502 non
2572 2449 2844 2504 tutatur

597 2557 640 2600 a
672 2536 1012 2613 Domino;
1057 2544 1475 2618 quapropter
1499 2553 1653 2598 cum
1685 2534 1938 2598 malum
1973 2533 2049 2598 fit
2079 2555 2170 2597 ex
2205 2533 2388 2598 malo
2420 2535 2649 2610 corde,
2676 2541 2841 2600 tunc

598 2633 754 2715 quia
791 2631 857 2695 id
904 2652 946 2695 a
989 2652 1062 2695 se
1099 2629 1314 2712 rejicit
1348 2649 1626 2694 omnem
1673 2630 1969 2696 tutelam
2016 2650 2057 2693 a
2101 2628 2426 2706 Domin0‚
2468 2629 2728 2695 irruunt
2774 2631 2841 2694 in

598 2727 811 2804 illum,
847 2728 958 2810 qui
996 2726 1140 2791 tale
1172 2726 1425 2789 malum
1459 2726 1644 2802 facit,
1678 2724 2045 2789 infernales
2082 2726 2381 2807 spiritus»,
2416 2735 2489 2789 et
2526 2726 2839 2808 puniunt.

603 2822 756 2887 Hoc
796 2822 1121 2886 illustrari
1158 2821 1591 2904 aliquatenus
1630 2829 1867 2904 potest
1906 2840 1997 2883 ex
2036 2820 2235 2884 malis
2281 2830 2353 2885 et
2398 2838 2633 2884 eorum
2671 2840 2839 2903 poe-

599 2918 704 2981 nis
749 2918 817 2980 in
865 2917 1142 2993 mund0,
1184 2916 1294 2980 ubi
1332 2916 1542 2980 etiam
1581 2912 1948 2998 conjuncta
1984 2924 2165 2979 sunt.
2256 2914 2487 2997 Leges
2520 2914 2704 2980 enim
2748 2914 2843 2979 ibi

598 3012 1071 3097 praescribunt
1109 3030 1403 3095 poenam
1443 3012 1652 3075 cuivis
1692 3010 1922 3091 malo;
1968 3019 2389 3093 quapropter
2424 3010 2538 3093 qui
2584 3010 2653 3073 in
2692 3028 2839 3073 ma-

597 3108 738 3171 lum
775 3110 986 3171 etiam
1045 3107 1113 3171 in
1173 3125 1468 3189 poenam
1516 3105 1677 3169 mali
1738 3106 1892 3169 ruit.
1982 3104 2389 3169 Differentia
2445 3103 2668 3167 solum
2706 3114 2837 3181 est,

595 3201 778 3286 quod
840 3200 1095 3266 malum
1149 3202 1216 3266 in
1275 3200 1533 3265 mundo
1592 3200 1815 3282 possit
1870 3200 2223 3275 abscondi,
2280 3216 2419 3262 non
2479 3208 2713 3262 autem
2768 3198 2839 3262 in

597 3296 818 3361 altera
852 3296 1018 3359 vita.
1108 3294 1222 3359 Ex
1259 3295 1366 3359 his
1411 3304 1735 3359 constare
1771 3303 2031 3377 potest,
2071 3294 2255 3379 quod
2294 3293 2633 3357 Dominus
2670 3292 2841 3357 nulli

597 3392 851 3456 malum
909 3390 1162 3471 faciat3
1224 3398 1297 3455 et
1357 3390 1538 3474 quod
1598 3388 1730 3454 hoc
1790 3408 2061 3474 quoque
2106 3387 2327 3453 simile
2386 3388 2476 3452 sit
2534 3388 2712 3453 sicut
2770 3388 2839 3451 in

600 3486 880 3563 mundo,
927 3486 1111 3569 quod
1161 3505 1300 3549 non
1337 3504 1486 3562 rex,
1535 3504 1662 3550 nec
1704 3482 1943 3567 judex,
1992 3504 2120 3548 nec
2168 3483 2285 3548 lex
2332 3483 2471 3547 sint
2516 3482 2585 3545 in
2632 3502 2839 3547 causa

598 3583 778 3667 quod
817 3582 1138 3665 puniatur
1188 3600 1365 3660 reus,
1411 3582 1568 3666 quia
1625 3600 1764 3646 non
1823 3589 1983 3645 sunt
2042 3580 2109 3643 in
2168 3598 2377 3643 causa
2434 3578 2598 3642 mali
2656 3578 2835 3662 apud

598 3674 1127 3745 malefactorem.
