3371 5304
546 666 674 749 296
1200 678 1300 729 DE
1344 678 1598 730 CAELo
1646 680 1742 731 ET
1789 680 2152 732 mxu-:nno

540 852 925 917 faciendum
965 860 1247 936 propter
1278 853 1556 930 bonum,
1590 854 1692 918 ita
1735 874 2006 938 quoque
2044 853 2382 919 sincerum
2421 866 2496 919 et
2535 855 2792 938 justum

542 956 826 1030 propter
862 945 1201 1011 sincerum
1238 956 1311 1011 et
1350 946 1634 1029 justum,
1668 967 1843 1030 quae
1881 957 2120 1012 amant
2159 949 2316 1031 quia
2351 959 2516 1015 sunt
2559 970 2602 1013 a
2647 950 2792 1017 Do·

542 1044 751 1117 mino,
786 1052 858 1107 et
896 1043 1054 1125 quia
1092 1042 1413 1107 Divinum
1446 1043 1834 1126 procedens
1869 1063 1912 1106 a
1951 1042 2254 1108 Domino
2290 1053 2400 1109 est
2438 1046 2505 1109 in
2536 1044 2694 1121 illis,
2721 1056 2796 1109 et

542 1138 702 1201 inde
727 1136 847 1201 illa
874 1139 944 1200 in
976 1138 1126 1220 ipsa
1150 1159 1273 1201 sua
1292 1140 1597 1203 essentia
1624 1136 1944 1221 spectata
1968 1149 2129 1202 sunt
2163 1140 2436 1203 Divina.
2528 1139 2794 1204 Horum

542 1231 725 1299 facta
760 1244 877 1297 aut
916 1255 1127 1317 opera
1164 1244 1323 1299 sunt
1356 1235 1645 1299 interius
1683 1235 1914 1313 bona;
1960 1255 2168 1319 quare
2208 1236 2418 1298 etiam
2457 1246 2619 1300 sunt
2666 1257 2794 1300 ex-

540 1330 757 1394 terius
798 1328 1025 1409 bona;
1080 1350 1265 1406 nam,
1312 1340 1387 1394 ut
1430 1350 1637 1413 supra
1680 1328 1938 1395 dictum
1992 1340 2126 1406 est,
2168 1328 2348 1395 facta
2403 1342 2524 1395 aut
2583 1350 2794 1412 opera

542 1446 818 1508 prorsus
852 1426 1023 1491 talia
1053 1436 1237 1503 sunt,
1272 1426 1491 1509 qualis
1520 1436 1635 1492 est
1664 1427 2010 1509 cogitatio
2043 1436 2114 1491 et
2145 1426 2494 1501 voluntas,
2523 1449 2616 1491 ex
2645 1428 2794 1511 qui·

542 1524 669 1586 bus
693 1523 1079 1605 procedunt
1108 1544 1125 1600 ;
1172 1532 1244 1587 et
1273 1524 1457 1606 quod
1480 1523 1741 1606 absque
1773 1524 1880 1586 his
1907 1542 2045 1588 non
2070 1524 2210 1587 sint
2240 1519 2424 1586 saeta
2454 1531 2531 1587 et
2560 1543 2792 1605 opera,

542 1619 665 1682 sed
726 1619 949 1682 solum
996 1629 1227 1683 motus
1284 1620 1665 1683 inanimati.
1757 1617 1874 1683 Ex
1931 1619 2036 1682 his
2095 1628 2403 1696 constat,
2451 1618 2612 1702 quid
2673 1638 2793 1699 per

545 1720 587 1745 ‘⁸
610 1714 872 1794 opera’'
910 1724 981 1778 et
1024 1712 1307 1778 “facta”
1344 1716 1411 1777 in
1452 1714 1691 1779 Verbo
1727 1713 2158 1796 intelligitur.

666 1822 865 1893 473.
924 1806 1104 1891 Quia
1148 1807 1329 1877 fac'ta
1372 1819 1493 1875 aut
1529 1828 1742 1891 opera
1775 1819 1936 1872 sunt
1975 1808 2357 1873 voluntatis
2400 1817 2474 1872 et
2521 1808 2792 1890 cogita-

542 1904 776 1978 tionis,
804 1905 963 1968 ideo
994 1926 1262 1988 quoque
1296 1916 1455 1968 sunt
1481 1906 1734 1969 amoris
1767 1914 1842 1968 et
1872 1903 2030 1968 fidei
2057 1926 2073 1983 ;
2115 1904 2404 1986 proinde
2436 1902 2602 1967 talia
2634 1913 2794 1968 sunt

540 1997 763 2081 qualis
800 2008 908 2063 est
944 2020 1139 2064 amor
1175 2010 1248 2065 et
1284 1998 1457 2062 fides
1486 2019 1501 2062 :
1550 2019 1711 2063 nam
1743 2000 1888 2064 sive
1919 2000 2109 2063 dicas
2141 2018 2448 2063 amorem
2487 2000 2632 2061 sive
2669 2019 2792 2062 vo-

543 2094 885 2158 luntatem
925 2095 1244 2170 hominis,
1284 2095 1467 2158 idem
1506 2104 1661 2173 est;
1709 2105 1784 2159 et
1819 2095 1966 2159 sive
2003 2094 2195 2159 dicas
2233 2094 2439 2159 fidem
2484 2103 2558 2157 et
2603 2094 2792 2175 cogi-

541 2192 883 2254 tationem
908 2200 1171 2255 certam
1194 2192 1512 2267 hominis,
1540 2193 1752 2254 etiam
1776 2190 1961 2254 idem
1987 2200 2095 2254 est
2119 2211 2137 2269 3
2184 2208 2343 2253 nam
2369 2189 2552 2271 quod
2585 2189 2795 2252 homo

542 2296 755 2360 amat,
796 2286 927 2350 hoc
968 2306 1238 2368 quoque
1277 2286 1451 2363 vult,
1486 2295 1561 2351 et
1606 2287 1790 2369 quod
1838 2284 2048 2349 homo
2086 2285 2306 2349 credit
2353 2285 2484 2349 hoc
2523 2304 2792 2367 quoque

542 2382 853 2463 cogitat:
906 2383 962 2445 si
1006 2384 1217 2446 homo
1254 2392 1445 2446 amat
1480 2383 1665 2465 quod
1703 2382 1947 2457 credit,
1989 2391 2156 2445 tunc
2195 2401 2465 2464 quoque
2502 2378 2654 2444 vult
2700 2381 2790 2456 id,

542 2487 615 2542 et
673 2488 1006 2561 quantum
1060 2488 1299 2562 potest
1358 2478 1520 2543 facit
1580 2479 1673 2543 id.
1763 2478 2246 2561 Unusquisque
2297 2477 2470 2541 scire
2530 2485 2789 2558 potest,

542 2575 725 2658 quod
758 2594 951 2637 amor
989 2584 1060 2638 et
1096 2574 1265 2639 fides
1296 2575 1511 2638 insint
1539 2574 1840 2639 hominis
1864 2573 2212 2638 voluntati
2243 2582 2316 2636 et
2353 2572 2790 2654 cogitationi,

541 2681 615 2734 et
661 2673 844 2753 quod
890 2692 1030 2735 non
1074 2673 1216 2736 sint
1261 2681 1469 2735 extra
1508 2670 1689 2746 illas,
1729 2671 2051 2754 quoniam
2095 2669 2417 2733 voluntas
2462 2677 2570 2733 est
2618 2689 2794 2751 quae

540 2766 933 2830 incenditur
963 2786 1217 2843 amore,
1246 2777 1317 2831 et
1350 2768 1696 2849 cogitatio
1728 2775 1836 2830 est
1869 2786 2044 2847 quae
2077 2763 2458 2829 illustratur
2490 2763 2556 2827 in
2589 2761 2792 2827 rebus

541 2859 701 2925 fidei
729 2883 745 2940 ;
793 2871 1212 2944 quapropter
1245 2882 1381 2926 non
1414 2863 1543 2925 nisi
1572 2881 1779 2945 quam
1812 2859 1912 2924 illi
1947 2861 2060 2943 qui
2097 2861 2449 2942 sapienter
2479 2859 2792 2942 cogitare

542 2968 855 3039 possunt,
888 2959 1341 3032 illustrantur,
1375 2977 1457 3021 ac
1494 2958 1874 3022 secundum
1903 2955 2438 3020 illustrationem
2470 2955 2792 3036 cogitant

540 3073 705 3117 vera
734 3063 807 3116 et
840 3052 1086 3118 volunt
1109 3073 1295 3129 vera,
1324 3074 1445 3118 seu
1475 3052 1659 3135 quod
1691 3052 1900 3128 idem,
1929 3051 2221 3116 credunt
2245 3072 2408 3116 vera
2439 3059 2513 3114 et
2550 3058 2791 3114 amant

541 3146 809 3213 vera.(¹'⁸)

667 3256 867 3330 474.
924 3244 1029 3309 At
1062 3245 1419 3309 sciendum
1443 3253 1577 3320 est,
1610 3244 1796 3327 quod
1819 3243 2143 3307 voluntas
2173 3242 2383 3307 saciat
2407 3241 2786 3315 hominem,

538 3359 623 3406 ac
682 3341 1025 3424 cogitatio
1083 3341 1293 3405 modo
1345 3347 1680 3423 quantum
1740 3339 2057 3424 procedit
2115 3359 2209 3402 ex
2274 3337 2660 3412 voluntate,
2715 3345 2789 3400 et

1324 3547 1421 3600 [(ικ
1444 3557 1643 3590 mnus
1666 3547 2016 3601 emmaus->1

651 3653 755 3723 (m)
808 3651 987 3725 Quod
1015 3652 1172 3707 sicut
1195 3651 1401 3707 omnia
1425 3649 1485 3705 in
1511 3649 1814 3710 universo,
1842 3663 1999 3718 quae
2024 3648 2359 3703 secundum
2385 3647 2660 3702 ordinem
2689 3662 2790 3700 ex-

542 3723 752 3787 istunt,
776 3740 843 3779 se
867 3723 1130 3778 referant
1150 3725 1229 3778 ad
1254 3725 1481 3778 bonum
1506 3731 1569 3776 et
1592 3737 1821 3784 verum,
1843 3720 1927 3776 ita
1949 3721 2110 3790 apud
2137 3719 2446 3774 hominem
2471 3717 2548 3773 ad
2575 3717 2790 3773 volun-

539 3805 729 3850 tatem
756 3805 819 3850 et
845 3791 1216 3850 intellectum
1252 3796 1333 3862 (n.
1358 3795 1482 3862 803,
1514 3793 1728 3859 10122).

649 3865 860 3927 Causa,
890 3866 1031 3936 quia
1054 3867 1337 3920 voluntas
1374 3875 1467 3920 est
1504 3864 1801 3934 recipiens
1837 3861 1998 3924 boni,
2025 3871 2089 3917 et
2126 3857 2465 3916 intellectus
2495 3859 2791 3928 recipiens

539 3935 667 3992 veri
695 3938 777 4004 (n.
805 3951 960 4006 3332.
990 3938 1144 4006 3623.
1176 3935 1365 4006 5332ῑέ
1396 3935 1572 4005 52321.
1598 3933 1942 4017 60650225.
1969 3945 2125 4002 7503.
2151 3947 2310 4016 9300.
2337 3929 2532 4000 99309
2555 3929 2766 4012 9995]).

652 4005 881 4063 Eodem
903 4009 1135 4071 recidit,
1158 4007 1287 4063 sive
1312 4007 1477 4062 dicas
1496 4022 1704 4061 verum
1729 4021 1858 4060 sive
1883 4005 2082 4067 fidem,
2107 4020 2252 4074 quia
2276 4003 2425 4058 fides
2451 4011 2545 4056 est
2569 4015 2791 4056 vernae

539 4091 751 4134 verum
787 4090 880 4134 est
918 4079 1087 4142 fidei:
1130 4095 1201 4134 ac
1229 4078 1445 4133 eodem
1478 4076 1692 4133 recidit
1727 4077 1857 4131 sive
1887 4076 2054 4130 dicas
2084 4077 2311 4129 bonum
2342 4073 2469 4129 sive
2505 4087 2790 4133 amorem,

542 4149 687 4221 quia
710 4159 997 4275 amor6est
1022 4150 1165 4206 boni
1190 4159 1253 4205 et
1278 4150 1506 4204 bonum
1530 4157 1625 4204 est
1649 4148 1871 4203 amoris
1904 4149 1986 4216 (n.
2009 4160 2081 4214 43
2089 4159 2169 4216 53,
2196 4158 2354 4215 4997,
2385 4141 2581 4212 7178[?
2607 4143 2790 4211 71793,

548 4235 737 4283 10122,
771 4235 837 4274 ιο
971 4262 984 4276 .

652 4291 802 4347 lnde
838 4223 1129 4363 {eginum
1166 4291 1331 4362 quod
1371 4288 1712 4346 intellectus
1753 4289 1834 4346 sit
1875 4288 2168 4360 recipiens
2213 4287 2372 4351 fidei,
2410 4296 2474 4343 et
2509 4286 2792 4342 voluntas

540 4364 763 4419 amoris
792 4366 872 4432 (n.
900 4363 1093 4433 7178[?
1119 4363 1300 4432 7179],
1335 4376 1521 4424 10122.
1555 4361 1772 4432 10367).

652 4433 730 4488 Et
766 4433 909 4507 quia
946 4431 1285 4489 intellec'kus
1324 4433 1589 4488 hominis
1626 4433 1892 4503 recipere
1931 4439 2135 4502 potest
2171 4429 2353 4486 fidem
2393 4429 2454 4484 in
2487 4425 2704 4488 Deum,
2729 4435 2794 4480 et

540 4505 823 4561 voluntas
841 4521 1107 4561 amorem
1134 4505 1193 4559 in
1216 4503 1430 4568 Deum,
1457 4505 1621 4574 quod
1645 4505 1834 4559 homo
1855 4504 2046 4576 possit
2063 4503 2184 4557 fide
2201 4511 2266 4558 et
2285 4515 2488 4556 amore
2507 4495 2792 4580 conjungi

548 4575 695 4638 Deo,
720 4587 782 4632 et
812 4577 917 4648 qui
948 4577 1237 4702 conjungi
1266 4586 1470 4646 potest
1505 4575 1637 4632 Deo
1664 4591 1874 4631 amore
1903 4585 1966 4630 et
1997 4573 2134 4636 fide.
2163 4589 2284 4630 non
2317 4583 2520 4644 potest
2553 4569 2704 4626 mori
2735 4584 2791 4622 m

543 4658 853 4704 aeternum
885 4651 965 4708 (n.
992 4659 1149 4718 4525.
1214 4661 1335 4718 323,
1362 4647 1548 4717 923¹)-
