3371 5304
849 635 953 686 DE
997 635 1285 688 TERTIO
1327 635 1574 690 STATU
1621 635 1953 688 HOMINIS
1996 635 2183 688 POST
2229 635 2578 688 MORTEM.
2714 637 2834 707 325

587 807 722 872 tati
767 817 950 873 sunt.
1008 807 1202 892 -Ipsa
1239 809 1563 886 societas,
1601 809 1674 874 in
1726 829 1863 892 qua
1910 808 2182 874 suerunt
2240 809 2467 893 quoad
2522 809 2838 892 spiritum

589 921 782 968 suum
823 904 892 968 in
931 903 1214 980 mundo,
1252 904 1648 968 ostenditur
1683 923 1955 987 quoque
1991 903 2125 968 illis
2164 923 2319 968 cum
2364 905 2433 968 in
2478 913 2671 968 statu
2709 925 2835 968 ex-

588 997 912 1062 teriorum
952 1017 1228 1062 suorum
1263 1006 1446 1074 sunt,
1488 1006 1563 1062 ut
1601 998 1825 1062 sciant
1861 997 2021 1061 inde
2058 998 2241 1082 quod
2286 999 2355 1061 in
2394 997 2655 1062 inferno
2690 997 2835 1062 fue-

587 1092 724 1154 rint
763 1093 974 1156 etiam
1011 1093 1080 1155 in
1119 1093 1266 1154 vita
1300 1092 1626 1174 corporis„
1665 1091 1791 1154 sed
1829 1101 2065 1156 tamen
2104 1112 2243 1156 non
2288 1092 2359 1155 in
2404 1091 2609 1155 simili
2646 1101 2836 1156 statu

587 1205 742 1250 cum
775 1185 910 1250 illis
935 1186 1050 1270 qui
1085 1188 1152 1250 in
1186 1187 1336 1268 ipso
1361 1187 1646 1262 inferne,
1677 1187 1801 1250 sed
1832 1187 1901 1250 in
1933 1187 2135 1250 simili
2168 1207 2323 1252 cum
2349 1196 2538 1250 statu
2564 1186 2834 1252 illorum

587 1282 702 1364 qui
738 1283 806 1345 in
844 1281 1103 1345 mundo
1136 1283 1498 1363 spirituum
1535 1291 1737 1360 sunt3
1785 1281 1871 1346 de
1909 1303 2197 1366 quorum
2229 1291 2415 1347 statu
2454 1279 2834 1363 respective

585 1375 675 1438 ad
711 1375 986 1440 illorum
1023 1377 1134 1459 qui
1171 1377 1242 1438 in
1272 1377 1540 1440 inferno
1576 1386 1763 1452 sunt,
1804 1377 1873 1440 in
1912 1377 2356 1459 sequentibus
2394 1377 2680 1440 dicetur.

712 1486 896 1554 511.
961 1469 1320 1552 Separatio
1365 1471 1701 1536 malorum
1748 1472 2109 1554 spirituum
2152 1491 2197 1534 a
2240 1473 2441 1536 bonis
2485 1471 2834 1553 spiritibus

587 1563 664 1630 fit
709 1566 780 1628 in
825 1565 1131 1630 secundo
1167 1564 1300 1630 hoc
1339 1574 1553 1641 statu,
1591 1585 1751 1630 nam
1796 1567 1865 1630 in
1904 1567 2127 1647 primo
2164 1576 2355 1631 statu
2390 1565 2590 1630 simul
2630 1577 2831 1644 sunt;

589 1661 909 1743 quoniam
957 1660 1122 1724 dum
1167 1661 1446 1741 spiritus
1491 1671 1598 1724 est
1659 1661 1727 1724 in
1787 1661 2253 1726 exterioribus
2290 1662 2451 1736 suis,
2492 1669 2597 1724 est
2654 1662 2833 1726 sicut

585 1754 709 1818 fuit
743 1756 811 1818 in
845 1754 1124 1832 mundo,
1159 1756 1259 1820 ita
1296 1757 1471 1820 sicut
1505 1754 1724 1819 malus
1759 1775 1915 1820 cum
1947 1755 2131 1820 bono
2162 1757 2275 1832 ibi,
2308 1775 2389 1820 ac
2426 1756 2647 1820 bonus
2680 1774 2834 1818 cum

589 1849 823 1916 malo:
891 1849 1094 1914 aliter
1137 1869 1294 1914 cum
1341 1860 1454 1916 est
1513 1851 1582 1913 in
1627 1851 1952 1916 interiora
1988 1872 2114 1914 sua
2148 1851 2401 1926 illatuS‚
2428 1870 2507 1915 ac
2555 1847 2834 1914 relistus

587 1965 750 2010 suae
787 1953 1074 2008 naturae
1121 1965 1242 2009 seu
1285 1945 1656 2008 voluntati.
1747 1943 2113 2028 Separatio
2156 1946 2493 2010 bonorum
2548 1965 2593 2008 a
2635 1944 2835 2008 malis

587 2037 665 2102 fit
711 2039 916 2102 variis
953 2039 1216 2118 modis;
1282 2041 1743 2105 communiter
1779 2061 1903 2123 per
1938 2040 2497 2105 circumlationes
2543 2041 2631 2104 ad
2678 2038 2834 2102 illas

587 2135 984 2208 societateS,
1019 2153 1174 2197 cum
1205 2133 1447 2217 quibus
1485 2137 2019 2200 communicatio
2048 2135 2269 2198 fuerat
2306 2156 2427 2217 per
2457 2135 2831 2218 cogitatio-

589 2247 708 2290 nes
739 2236 814 2292 et
844 2225 1239 2292 affectiones
1262 2229 1482 2292 bonas
1513 2229 1579 2291 in
1614 2230 1835 2311 primo
1858 2238 2091 2308 statu;
2130 2239 2202 2294 et
2236 2230 2331 2293 sic
2364 2229 2454 2292 ad
2486 2228 2640 2293 illas
2663 2249 2835 2310 quas

589 2321 1010 2386 induxerunt
1056 2323 1337 2386 credere
1385 2343 1506 2404 per
1549 2337 1881 2388 externas
1927 2325 2213 2404 species,
2254 2324 2437 2408 quod
2484 2342 2623 2388 non
2668 2323 2834 2386 mali

587 2425 843 2480 essent.
935 2416 1036 2482 Ut
1070 2417 1436 2500 plurimum
1469 2418 1882 2486 circumferri
1908 2418 2139 2482 solent
2172 2438 2293 2501 per
2327 2419 2543 2482 latum
2570 2419 2831 2496 orbem,

587 2519 658 2575 et
705 2510 926 2574 ubivis
970 2512 1245 2576 ostendi
1291 2512 1640 2594 spiritibus
1688 2513 1910 2588 bonis,
1957 2513 2199 2596 quales
2242 2522 2401 2577 sunt
2446 2515 2516 2576 in
2562 2533 2680 2576 se:
2743 2513 2833 2578 ad

587 2602 946 2688 aspectum
990 2626 1228 2672 eorum
1275 2616 1441 2672 tunc
1488 2607 1652 2672 boni
1698 2609 1977 2690 spiritus
2021 2627 2096 2673 se
2142 2616 2491 2684 avertunt,
2531 2617 2605 2673 et
2652 2608 2831 2673 sicut

587 2701 686 2765 illi
729 2722 804 2767 se
839 2712 1180 2779 avertunt,
1214 2703 1315 2767 ita
1349 2723 1620 2785 quoque
1658 2702 1823 2767 mali
1859 2704 2162 2785 spiritus,
2196 2703 2311 2786 qui
2348 2702 2831 2771 circumferun-

588 2807 719 2875 tur,
779 2806 1184 2862 avertuntur
1245 2797 1420 2862 facie
1485 2798 1573 2861 ab
1637 2797 1797 2875 illis,
1843 2798 1931 2862 ad
1991 2797 2297 2882 plagam,
2354 2798 2467 2862 ubi
2531 2799 2833 2861 societas

588 2910 822 2955 eorum
869 2891 1219 2956 infernalis
1263 2902 1392 2971 est,
1443 2892 1512 2955 in
1557 2911 1761 2975 quam
1806 2892 2099 2957 venturi,
2187 2891 2289 2959 Ut
2338 2902 2611 2957 taceam
2658 2892 2833 2959 alios

588 2987 1044 3071 separationis
1079 2986 1350 3065 modos,
1389 2986 1504 3070 qui
1537 2988 1767 3070 plures
1802 2996 1987 3051 sunt.

1586 3466 1841 3553 [Lm]

589 3650 706 3719 DE
777 3651 1078 3717 TER'no
1125 3650 1384 3717 STATU
1431 3650 1781 3716 Hormus
1843 3662 2029 3715 Pos‘r
2074 3651 2445 3729 Moru-En,
2492 3664 2625 3731 Qm
2692 3666 2831 3719 EST

841 3746 1136 3813 Surus
1183 3748 1779 3813 Insrnucnoms
1824 3758 2093 3812 EORUM
2154 3760 2288 3827 Qm
2331 3761 2679 3813 vamum
2745 3760 2831 3813 nn·

841 3842 1192 3909 CAELUM.

711 4040 900 4111 512·
957 4026 1232 4091 Tertius
1264 4034 1491 4090 status
1514 4024 1813 4091 hominis
1846 4034 2003 4107 post
2042 4034 2359 4103 mortem,
2394 4046 2515 4091 seu
2554 4027 2833 4109 spiritus

589 4122 754 4207 ejus,
795 4132 908 4188 est
957 4132 1186 4188 status
1231 4118 1751 4201 instructioni&
1812 4120 1920 4185 hic
1968 4130 2197 4185 status
2234 4131 2343 4187 est
2390 4122 2524 4187 illis
2582 4124 2697 4207 qui
2760 4125 2831 4187 in

589 4218 860 4283 caelum
905 4218 1214 4293 veniunt,
1265 4226 1337 4281 et
1397 4214 1570 4281 fiunt
1607 4216 1881 4299 angeli;
1948 4235 2087 4279 non
2132 4226 2365 4280 autem
2402 4216 2538 4281 illis
2590 4218 2705 4301 qui
2760 4218 2830 4282 in

589 4314 924 4379 infernum
959 4313 1271 4385 veniunt,
1309 4312 1636 4395 quoniam
1667 4310 1737 4375 hi
1776 4330 1915 4375 non
1952 4311 2201 4374 instrui
2236 4321 2573 4393 possunt3
2620 4332 2829 4395 quare

589 4410 830 4475 horum
857 4418 1082 4473 status
1107 4407 1448 4471 secundus
1479 4416 1588 4469 est
1621 4426 1890 4489 quoque
1916 4406 2186 4480 tertius,
2214 4407 2327 4489 qui
2360 4404 2587 4471 finitur
2620 4408 2687 4469 in
2718 4428 2831 4483 e0,

589 4504 770 4587 quod
805 4523 1078 4586 prorsus
1109 4502 1424 4567 conversi
1459 4502 1601 4566 sint
1633 4500 1721 4565 ad
1759 4520 1955 4563 suum
1987 4519 2317 4577 amorem,
2350 4500 2448 4565 ita
2485 4501 2573 4565 ad
2610 4503 2829 4565 socie·

591 4609 814 4665 tatem
871 4596 1296 4675 infernalem,
1335 4616 1511 4680 quae
1571 4596 1640 4659 in
1698 4594 1905 4660 simili
1949 4614 2183 4661 amore
2243 4604 2371 4661 est.
2465 4594 2635 4661 Cum
2696 4596 2827 4661 hoc
