3371 5304
618 599 741 663 282
1253 610 1357 663 DE
1400 608 1653 661 CAELo
1700 609 1796 661 m·
1841 607 2204 661 LNFERNO.

741 780 947 865 438·
1007 778 1253 845 Facies
1296 777 1814 861 hypocritarum
1857 777 2074 843 serius
2117 786 2472 841 mutantur
2509 794 2712 859 quam
2757 774 2860 839 fa-

614 874 757 939 cies
788 874 1225 957 reliquorum‚
1259 895 1353 937 ex
1391 892 1597 937 causa
1633 874 1792 957 quia
1828 894 1921 937 ex
1954 871 2452 936 consuetudine
2485 881 2856 937 contraxe-

614 978 777 1033 runt
841 968 1157 1033 habitum
1224 968 1690 1051 componendi
1755 968 2083 1033 interiora
2151 987 2274 1030 sua
2343 967 2432 1029 ad
2503 967 2858 1031 imitamen

614 1062 1047 1129 affectionum
1073 1064 1446 1141 bonarum3
1494 1073 1914 1147 quapropter
1945 1063 2061 1125 diu
2091 1082 2230 1125 non
2262 1060 2624 1144 impulchri
2647 1080 2858 1144 appa-

614 1168 810 1223 rent:
880 1160 1001 1223 sed
1057 1160 1214 1243 quia
1252 1158 1647 1222 simulatum
1697 1160 1876 1241 apud
1923 1158 2080 1221 illos
2126 1159 2513 1220 successive
2557 1158 2854 1231 exuitur,

614 1274 694 1319 ac
741 1256 1065 1319 interiora
1111 1275 1283 1337 quae
1325 1255 1579 1318 mentis
1616 1253 2072 1335 disponuntur
2117 1252 2204 1317 ad
2250 1251 2542 1317 formam
2592 1271 2860 1315 suarum

612 1348 1068 1425 affectionum,
1124 1349 1294 1413 fiunt
1354 1360 1599 1431 postea
1664 1349 2106 1414 deformiores
2172 1347 2342 1411 aliis.
2433 1347 2860 1429 Hypocritae

614 1456 775 1509 sunt
813 1448 925 1528 qui
974 1446 1189 1508 locuti
1226 1455 1388 1508 sunt
1426 1447 1603 1508 sicut
1641 1444 1897 1527 angeli,
1939 1444 2063 1508 sed
2101 1443 2388 1507 interius
2424 1453 2859 1524 agnoverunt

612 1540 835 1603 solam
874 1550 1213 1615 naturam,
1255 1550 1328 1603 et
1374 1540 1470 1603 sic
1520 1560 1659 1602 non
1707 1540 2058 1615 Divinum,
2097 1558 2178 1602 ac
2225 1538 2384 1602 inde
2432 1546 2860 1621 negaverunt

610 1633 733 1699 illa
767 1656 940 1719 quae
978 1634 1309 1699 ecclesiae
1348 1644 1421 1699 et
1460 1632 1631 1698 caeli
1662 1643 1844 1698 sunt.

739 1746 947 1817 459·
1018 1728 1389 1795 Sciendum
1458 1740 1589 1807 est,
1652 1732 1835 1813 quod
1911 1730 2130 1794 forma
2193 1729 2492 1793 humana
2567 1726 2861 1809 cujusvis

612 1822 908 1889 hominis
953 1835 1112 1910 post
1160 1836 1456 1890 mortem
1502 1847 1587 1889 eo
1632 1826 1981 1910 pulchrior
2024 1827 2137 1899 sit,
2175 1825 2312 1908 quo
2349 1825 2631 1888 interius
2669 1843 2859 1886 ama-

612 1929 808 1984 verat
842 1918 1093 1984 Divina
1118 1942 1301 1997 vera,
1326 1931 1397 1985 et
1429 1922 1704 1985 vixerat
1731 1922 2106 1985 secundum
2137 1920 2294 1997 illa3
2344 1938 2502 1982 nam
2533 1919 2860 1981 interiora

614 2014 904 2097 cujusvis
936 2016 1311 2081 secundum
1343 2016 1615 2080 illorum
1648 2036 1955 2079 amorem
1989 2035 2068 2079 ac
2105 2016 2322 2078 vitam
2354 2023 2426 2077 et
2465 2014 2860 2097 aperiuntur

612 2119 686 2174 et
721 2110 1147 2174 formantur:
1196 2123 1613 2194 quapropter
1651 2131 1788 2194 quo
1818 2111 2098 2175 interior
2134 2107 2425 2184 affeclim
2466 2129 2551 2171 eo
2587 2108 2858 2173 confor-

614 2207 788 2269 mior
834 2206 1052 2282 cae10,
1103 2216 1175 2271 et
1221 2208 1382 2269 inde
1429 2228 1515 2270 eo
1558 2207 1922 2271 formosior
1965 2205 2191 2269 facies.
2283 2204 2454 2269 Inde
2500 2214 2632 2280 est,
2675 2204 2858 2287 quod

612 2301 866 2384 angeli,
915 2302 1027 2383 qui
1086 2302 1154 2363 in
1214 2301 1410 2364 caelo
1470 2302 1718 2366 intimo
1779 2310 1957 2377 sunt,
2008 2298 2443 2383 pulcherrimi
2501 2301 2663 2375 sint,
2703 2301 2858 2381 quia

610 2406 771 2458 sunt
794 2398 1043 2459 amoris
1066 2395 1381 2459 caelestis
1401 2396 1658 2460 formae
1684 2418 1700 2459 ε
1741 2397 1852 2479 qui
1873 2408 2106 2460 autem
2128 2396 2432 2459 exterius
2453 2404 2856 2457 amaverunt

612 2488 867 2554 Divina
896 2511 1079 2566 vera,
1116 2500 1187 2554 et
1226 2491 1321 2553 sic
1358 2492 1663 2555 exterius
1694 2490 2018 2555 vixerunt
2051 2490 2428 2553 secundum
2460 2488 2598 2563 illa,
2634 2490 2856 2552 minus

611 2585 876 2669 'pulchri
902 2595 1060 2649 sunt
1086 2607 1101 2664 ;
1147 2603 1304 2649 nam
1332 2588 1682 2650 exteriora
1707 2587 1917 2649 modo
1944 2583 2219 2649 elucent
2252 2606 2342 2648 ex
2368 2584 2539 2648 facie
2559 2584 2851 2658 illorum,

612 2693 683 2747 et
746 2701 883 2746 non
946 2701 1140 2744 amor
1184 2682 1468 2746 interior
1513 2681 1835 2747 caelestis
1887 2701 2008 2764 per
2053 2683 2403 2750 exteriora
2449 2681 2853 2754 translucet,

610 2777 896 2860 proinde
920 2797 1058 2840 non
1083 2777 1298 2841 forma
1323 2776 1495 2841 caeli
1520 2777 1740 2860 qualis
1764 2777 1830 2841 in
1864 2799 1936 2841 se
1963 2787 2069 2840 est
2101 2798 2116 2854 ;
2163 2786 2450 2859 apparet
2477 2774 2856 2859 respective

611 2873 975 2936 obscurum
1008 2872 1166 2954 quid
1214 2893 1252 2936 e
1296 2873 1467 2936 facie
1505 2871 1799 2950 illorum,
1842 2893 1980 2938 non
2016 2871 2427 2936 vivificatum
2474 2893 2517 2936 a
2561 2871 2858 2936 translu-

612 2965 843 3031 centia
901 2967 1088 3030 vitae
1149 2967 1513 3031 interioris,
1620 2965 1880 3044 Verbo,
1943 2969 2191 3031 crescit
2253 2967 2475 3030 omnis
2533 2964 2858 3048 perfectio

611 3081 845 3125 versus
892 3062 1237 3136 interiora,
1287 3072 1360 3125 et
1420 3062 1762 3127 decrescit
1809 3081 2044 3127 versus
2091 3061 2480 3141 exteriora3
2547 3072 2620 3126 et
2680 3063 2856 3125 sicut

611 3154 961 3238 perfectiO,
986 3159 1084 3220 ita
1111 3177 1379 3240 quoque
1405 3157 1847 3241 pulchritudo
1872 3158 2118 3222 crescit
2146 3165 2217 3220 et
2245 3157 2603 3221 decrescit.
2693 3155 2858 3220 Vidi

608 3253 817 3316 facies
864 3253 1216 3334 angelicas
1260 3255 1449 3317 tertii
1495 3254 1690 3330 caeli,
1731 3275 1904 3338 quae
1941 3251 2116 3317 tales
2161 3263 2359 3316 erant
2406 3262 2478 3316 ut
2525 3273 2856 3336 nusquam

609 3345 787 3410 ullus
827 3343 1047 3429 pictor
1092 3355 1329 3430 posset
1377 3349 1562 3411 omni
1609 3359 1761 3412 arte
1807 3368 1928 3413 sua
1974 3347 2230 3430 aliquid
2276 3346 2436 3411 talis
2485 3347 2652 3411 lucis
2691 3348 2856 3410 dare

610 3441 975 3516 coloribus,
1024 3453 1100 3506 ut
1162 3453 1487 3525 aequaret
1535 3443 1972 3507 millesimam
2021 3453 2287 3525 partem
2336 3443 2505 3506 lucis
2551 3451 2622 3506 et
2669 3443 2857 3506 vitae

609 3557 783 3618 quae
822 3537 1133 3619 apparuit
1172 3537 1239 3599 in
1276 3537 1449 3601 facie
1486 3537 1797 3601 illorum:
1847 3539 1970 3600 sed
2007 3536 2215 3602 facies
2252 3539 2654 3621 angelorum
2695 3536 2854 3601 ulti-

610 3635 702 3696 mi
742 3633 914 3696 caeli
954 3643 1244 3714 possunt
1283 3633 1714 3716 aliquatenus
1752 3634 2049 3717 aequari.

735 3728 948 3812 460.
1010 3727 1362 3792 Arcanum
1403 3728 1752 3811 quoddam
1792 3729 2047 3792 nemini
2093 3727 2318 3793 adhuc
2365 3737 2608 3792 notum
2647 3727 2856 3793 velim

610 3956 830 4094 “²2¹3ss
859 3959 939 4026 (n·
972 3956 1124 4025 1568.
1158 3956 1315 4026 2988.
1348 3957 1504 4026 2989·
1546 3957 1702 4028 363¹.
1739 3955 1898 4026 4796.
1929 3971 2088 4026 4797.
2125 3957 2290 4025 4899.
2327 3957 2477 4026 ⁵165·
2509 3957 2664 4026 5168.
2701 3957 2857 4027 ⁵695.

609 4043 677 4097 93
714 4097 896 4169 Quod
926 4095 1109 4153 facies
1134 4113 1269 4152 cum
1298 4097 1681 4153 interioribus
1707 4113 1860 4169 quae
1888 4099 2109 4154 mentis
2141 4115 2329 4154 unum
2359 4099 2540 4154 faciat
2563 4097 2724 4169 apud
2750 4115 2854 4154 an-

606 4169 778 4242 gelos
800 4169 947 4224 caeli
980 4171 1058 4235 (n.
1085 4169 1422 4238 4796-4799,
1454 4169 1606 4238 5695.
1635 4169 1818 4238 8250).

716 4237 897 4311 Quod
918 4239 1054 4294 ideo
1076 4247 1106 4267 ‘¹
1124 4239 1305 4294 facies
1322 4239 1352 4259 ’⁸
1374 4239 1433 4294 in
1452 4239 1653 4294 Verbo
1670 4239 1970 4311 significet
1986 4240 2272 4296 interiora
2287 4257 2438 4312 quae
2459 4239 2678 4295 mentis
2698 4251 2856 4302 sunt.

608 4308 729 4365 hoc
765 4319 875 4372 est,
913 4325 1069 4380 quae
1106 4308 1441 4366 affectionis
1479 4319 1541 4366 et
1578 4310 1968 4382 cogitationis
2007 4313 2090 4381 (n.
2128 4326 2279 4382 1999.
2313 4325 2470 4381 2434.
2504 4324 2658 4380 3527,
2697 4311 2854 4378 4066.

610 4379 766 4449 4796.
798 4393 951 4450 5¹0²·
977 4381 1134 4464 9396.
1162 4381 1344 4450 9546).
1633 4452 1646 4465 ‚
1709 4452 1723 4465 ,
1891 4451 1904 4466 ,

717 4449 1043 4522 Quomodo
1082 4451 1341 4506 influxus
1364 4468 1399 4506 e
1423 4453 1681 4508 cerebris
1707 4469 1768 4506 m
1792 4451 2005 4508 faciem
2031 4469 2312 4510 successu
2345 4452 2636 4524 temporis
2663 4462 2856 4508 muta-

608 4532 710 4578 tus
736 4531 844 4586 est,
871 4531 933 4577 et
951 4537 1089 4577 cum
1118 4523 1221 4576 illo
1248 4523 1410 4594 ipsae
1432 4521 1615 4578 facies
1638 4523 1844 4595 quoad
1867 4524 2464 4599 correspondentiam
2483 4540 2622 4580 cum
2649 4523 2854 4580 interi-

612 4591 817 4648 oribus
842 4593 925 4662 (n.
950 4593 1111 4662 4326.
1136 4591 1317 4663 8250).
