3371 5304
1123 630 1228 682 DE
1271 629 1528 684 CULTU
1573 629 1849 684 Dlvmo
1894 631 1981 682 IN
2024 629 2299 684 CAELO.
2718 631 2839 702 127

1559 1037 1855 1129 [XXV]

1090 1229 1208 1296 DE
1255 1229 1517 1298 Curru
1561 1229 1853 1296 D1v1N0
1898 1244 1983 1296 m
2030 1228 2319 1298 Cam.

706 1429 887 1486 221.
944 1415 1190 1484 Cultus
1227 1415 1518 1482 Divinus
1561 1417 1629 1482 in
1669 1416 1881 1482 caelis
1919 1437 2061 1482 non
2096 1417 2428 1483 absimilis
2466 1426 2575 1482 est
2614 1417 2830 1484 cultui

581 1512 832 1579 Divino
867 1513 937 1577 in
971 1513 1170 1578 terris
1206 1513 1432 1596 quoad
1465 1522 1785 1588 externa,
1820 1512 1943 1578 sed
1980 1514 2209 1596 quoad
2245 1514 2520 1578 interna
2556 1513 2782 1580 differt
2810 1535 2825 1594 ;

579 1619 736 1674 sunt
760 1608 896 1673 illis
921 1629 1137 1692 aeque
1164 1605 1537 1685 doctrinae,
1565 1617 1727 1674 sunt
1753 1609 2331 1691 praedicationeS,
2358 1618 2433 1672 et
2460 1618 2622 1674 sunt
2644 1618 2824 1672 tem-

579 1704 714 1787 pla.
803 1701 1180 1768 Doctrinae
1215 1704 1441 1788 quoad
1474 1704 1877 1768 essentialia
1905 1705 2350 1777 conveniunt,
2378 1705 2503 1768 sed
2539 1705 2824 1770 interio-

575 1800 668 1863 ris
711 1799 1096 1880 sapientiae
1129 1808 1290 1862 sunt
1319 1818 1494 1881 quae
1540 1799 1608 1862 in
1655 1798 1866 1862 caelis
1897 1799 2379 1882 superioribus„
2414 1819 2619 1882 quam
2650 1819 2825 1882 quae

576 1895 646 1957 in
681 1895 892 1958 caelis
928 1891 1392 1958 inferioribus:
1441 1893 2001 1978 praedicationes
2038 1903 2199 1959 sunt
2238 1896 2616 1959 secundum
2654 1896 2822 1958 doc-

576 1989 829 2056 trinas:
893 1999 967 2055 et
1012 1990 1189 2054 sicut
1235 1988 1372 2055 illis
1409 1997 1572 2054 sunt
1610 1990 1859 2053 domus
1902 2000 1979 2055 et
2024 1989 2285 2072 palatia
2324 1988 2421 2073 (n.
2476 1988 2820 2074 183—190),

468 2105 485 2120 ·
577 2085 675 2149 ita
732 2104 1002 2168 quoque
1062 2094 1223 2149 sunt
1282 2082 1548 2169 templa
1605 2085 1676 2150 in
1736 2085 1980 2170 quibus
2025 2085 2581 2168 praedicationes
2628 2083 2819 2150 fiunt.

574 2177 778 2261 Quod
818 2179 988 2244 talia
1016 2181 1087 2244 in
1123 2178 1333 2244 caelis
1369 2199 1644 2264 quoque
1682 2180 1845 2256 sint,
1885 2189 1994 2244 est
2032 2181 2189 2264 quia
2226 2179 2457 2264 angeli
2494 2182 2821 2246 continue

575 2273 1016 2358 perficiuntur
1060 2274 1402 2357 sapientia
1446 2283 1519 2339 et
1563 2293 1842 2354 amore;
1902 2284 2014 2340 est
2056 2276 2239 2339 enim
2286 2276 2421 2340 illis
2466 2295 2683 2360 aeque
2737 2297 2819 2340 ac

571 2369 960 2436 hominibus
997 2367 1392 2434 intellectus
1437 2380 1511 2434 et
1556 2370 1902 2446 voluntaS,
1942 2389 2023 2434 ac
2070 2368 2464 2436 intellectus
2504 2371 2665 2435 talis
2708 2382 2818 2437 est

573 2475 650 2530 ut
701 2466 1027 2530 continue
1073 2476 1279 2548 queat
1327 2464 1580 2550 perfici,
1628 2464 1945 2531 similiter
1987 2465 2355 2545 voluntas;
2423 2463 2819 2532 intellectus

571 2581 692 2646 per
736 2580 901 2626 vera
945 2581 1120 2646 quae
1164 2570 1329 2625 sunt
1372 2559 1905 2644 intelligentiae,
1955 2570 2031 2626 et
2089 2560 2420 2626 voluntas
2466 2582 2588 2646 per
2632 2561 2817 2627 bona

570 2678 743 2740 quae
782 2666 944 2721 sunt
981 2654 1355 2721 amoris.(⁰⁶)

695 2766 876 2819 m
935 2750 1194 2817 Verum
1233 2753 1379 2834 ipse
1411 2751 1640 2819 cultus
1676 2751 1968 2816 Divinus
2013 2752 2082 2817 in
2122 2752 2333 2817 caelis
2370 2772 2510 2817 non
2549 2754 2815 2819 consis-

567 2848 657 2913 tit
702 2848 772 2911 in
808 2847 1326 2930 frequentandis
1361 2848 1666 2933 templis,
1708 2856 1780 2913 et
1824 2848 1895 2911 in
1940 2847 2415 2913 auscultandis
2453 2849 2812 2931 praedica·

567 2942 892 3017 tionibus,
932 2943 1053 3007 sed
1100 2942 1168 3005 in
1212 2942 1358 3007 vita
1395 2944 1671 3019 amoris,
1712 2942 2075 3007 charitatis
2120 2954 2195 3009 et
2241 2942 2399 3008 fidei
2434 2943 2813 3008 secundum

567 3036 957 3117 doctrinas3
1005 3036 1557 3121 praedicationes
1595 3040 1666 3102 in
1698 3038 1978 3121 templis
2010 3040 2393 3105 inserviunt
2426 3038 2652 3131 solum‘
2688 3058 2812 3123 pro

567 3136 812 3200 mediis
849 3144 924 3199 ut
969 3134 1397 3200 instruantur
1439 3136 1510 3199 in
1555 3135 1761 3200 rebus
1805 3135 2011 3199 vitae.
2102 3132 2413 3199 Locutus
2458 3154 2609 3199 sum
2655 3154 2811 3200 cum

565 3229 832 3313 angelis
870 3229 956 3293 de
993 3228 1122 3293 hac
1161 3250 1256 3305 re,
1299 3240 1370 3295 et
1417 3231 1565 3295 dixi
1597 3230 1782 3313 quod
1828 3231 1897 3293 in
1946 3230 2204 3294 mundo
2243 3231 2583 3305 credatur,
2624 3232 2809 3313 quod

563 3325 792 3390 cultus
845 3323 1136 3389 Divinus
1193 3325 1416 3390 solum
1467 3326 1558 3389 sit
1616 3325 2052 3409 frequentare
2108 3325 2393 3407 templa,
2455 3326 2809 3408 praedica-

565 3421 793 3486 tiones
827 3419 1242 3497 auscultare,
1281 3430 1389 3485 ter
1418 3429 1751 3504 quaterve
1784 3422 2156 3504 quotannis
2194 3422 2382 3485 obire
2415 3440 2809 3486 sacramen-

561 3526 710 3581 tum
756 3515 1008 3593 Cenae,
1048 3526 1122 3581 et
1158 3514 1422 3602 reliqua
1456 3515 1687 3581 cultus
1722 3516 2101 3581 secundum
2139 3516 2475 3583 ecclesiae
2514 3525 2807 3595 statuta,

561 3622 634 3676 et
691 3632 960 3696 quoque
1019 3632 1268 3677 vacare
1326 3610 1666 3695 precibuS,
1722 3620 1798 3675 et
1854 3620 2022 3675 tunc
2089 3631 2165 3675 se
2232 3608 2488 3677 devote
2545 3630 2809 3695 gerere.

559 3706 823 3790 Angeli
865 3707 1214 3781 dixerunt,
1261 3707 1446 3789 quod
1493 3706 1665 3771 haec
1718 3706 1860 3771 sint
1906 3715 2205 3771 externa
2248 3726 2422 3790 quae
2468 3705 2805 3782 facienda,

557 3802 680 3867 sed
716 3801 900 3887 quod
937 3801 1106 3867 nihil
1138 3800 1442 3867 efficiant
1477 3802 1535 3868 si
1571 3820 1713 3867 non
1750 3802 2097 3866 internum
2130 3802 2221 3865 sit
2259 3822 2351 3866 ex
2388 3822 2525 3885 quo
2563 3822 2806 3886 proce-

556 3898 750 3975 dant,
789 3907 864 3964 et
899 3896 1085 3981 quod
1119 3898 1466 3963 internum
1501 3897 1593 3963 sit
1630 3897 1779 3961 vita
1814 3895 2189 3961 secundum
2221 3906 2597 3979 praecepta
2630 3916 2808 3981 quae

556 3993 766 4059 docet
810 3990 1144 4057 doctrina.

1351 4212 2011 4267 (umanum)

665 4326 788 4397 (aa)
841 4322 1022 4401 Quod
1043 4323 1384 4383 intenestua
1399 4326 1480 4383 sit
1503 4324 1803 4399 recipiens
1819 4325 1966 4391 veri,
1982 4334 2047 4382 et
2069 4324 2353 4383 voluntas
2369 4324 2517 4383 boul
2538 4326 2621 4396 (n.
2642 4324 2801 4399 ³⁶23·

551 4398 660 4454 ⁶12
697 4440 712 4461 .
737 4411 1084 4484 750329300.
1107 4398 1295 4485 9930)·
2324 4466 2340 4483 ,

759 4470 839 4525 od
859 4477 1017 4525 sicut
1041 4484 1247 4525 omnia
1263 4484 1330 4525 se
1348 4465 1614 4525 referunt
1637 4468 1715 4524 ad
1732 4482 1943 4524 verum
1968 4476 2031 4523 et
2056 4466 2300 4531 bonum,
2322 4476 2408 4525 lta
2430 4482 2612 4527 omne
2635 4467 2799 4526 vitoe

551 4539 818 4597 hominls
843 4540 918 4596 ad
947 4538 1316 4597 intellectum
1341 4548 1404 4595 et
1428 4538 1807 4596 voluntatem
1836 4540 1919 4610 (n.
1946 4539 2067 4609 803,
2101 4538 2317 4607 10122).

658 4608 839 4682 Quod
866 4610 1066 4683 angeli
1093 4611 1154 4667 in
1179 4621 1492 4669 aeternum
1517 4610 1909 4683 perficiantur
1934 4611 2016 4682 (n.
2040 4610 2201 4681 4803,
2224 4608 2414 4681 6648).
