3371 5304
561 665 688 731 324
847 727 852 732 ·
1207 661 1309 711 DE
1353 659 1606 710 CAELO
1653 659 1750 710 ET
1796 657 2161 710 mmmm.

551 835 712 917 quia
759 840 962 897 ruunt
1007 833 1075 897 in
1121 833 1348 897 omnis
1386 830 1658 915 generis
1698 829 1900 904 mala,
1940 830 2329 912 frequenter
2374 839 2447 895 et
2492 829 2795 913 graviter

550 929 784 994 solent
822 930 1058 1010 puniri.
1171 928 1441 992 Poenae
1481 938 1642 991 sunt
1689 925 2109 1008 multiplices
2170 925 2238 988 in
2299 927 2558 989 mundo
2602 925 2795 1008 spiri-

552 1033 790 1102 tuum;
837 1043 966 1086 nec
1006 1023 1182 1086 ullus
1206 1021 1556 1105 respeaeStus
1589 1042 1927 1104 personae
1958 1020 2273 1096 habetur,
2310 1024 2452 1085 sive
2490 1041 2615 1085 rex
2652 1021 2797 1085 sive

552 1137 794 1181 servus
839 1119 1057 1182 fuerat
1112 1119 1180 1180 in
1227 1119 1505 1182 mundo.
1597 1115 1823 1182 Omne
1868 1115 2125 1180 malum
2172 1137 2408 1180 secum
2452 1115 2584 1181 fert
2630 1136 2795 1198 poe-

553 1232 762 1291 nam3
824 1223 982 1276 sunt
1021 1209 1430 1294 conjun&a;
1487 1232 1699 1296 quare
1735 1212 1848 1294 qui
1912 1213 1981 1275 in
2041 1211 2227 1274 malo
2285 1221 2397 1274 est
2456 1213 2669 1276 etiam
2726 1213 2795 1275 in

556 1327 782 1390 poena
820 1308 983 1371 mali
1021 1317 1169 1370 est:
1218 1307 1340 1371 sed
1379 1327 1590 1390 usque
1630 1307 1856 1370 nullus
1892 1307 1985 1370 ibi
2022 1306 2147 1369 luit
2184 1325 2477 1388 poenam
2516 1315 2797 1391 propter

557 1402 740 1466 mala
776 1423 949 1485 quae
997 1402 1062 1465 in
1110 1403 1368 1467 mundo
1405 1414 1668 1484 egerat,
1709 1403 1834 1468 sed
1880 1410 2162 1486 propter
2198 1401 2379 1466 mala
2418 1421 2591 1484 quae
2630 1413 2796 1467 tunc

556 1498 724 1578 agit.
815 1497 1085 1561 Eodem
1132 1507 1368 1561 tamen
1416 1499 1684 1574 recidit,
1734 1505 1805 1561 et
1867 1497 2087 1561 simile
2133 1507 2264 1572 est,
2314 1499 2457 1561 sive
2503 1496 2793 1572 dicatur,

554 1593 738 1674 quod
777 1593 973 1656 luant
1013 1611 1272 1675 poenas
1305 1603 1588 1675 propter
1625 1593 1810 1657 mala
1847 1613 1967 1656 sua
2003 1594 2070 1656 in
2109 1592 2389 1670 mund0,
2428 1591 2573 1656 sive
2610 1593 2797 1656 dica·

555 1696 668 1751 tur
703 1688 886 1770 quod
927 1688 1122 1751 luant
1155 1707 1413 1770 poenas
1448 1699 1731 1771 propter
1768 1688 1951 1753 mala
1985 1709 2160 1772 quae
2208 1696 2424 1770 agunt
2462 1687 2529 1752 in
2577 1686 2795 1752 altera

553 1785 721 1857 vita,
756 1785 1076 1866 quoniam
1115 1785 1576 1867 unusquisque
1611 1785 1791 1848 redit
1829 1785 1895 1847 in
1936 1802 2128 1848 suam
2168 1786 2381 1848 vitam
2421 1793 2581 1866 post
2618 1802 2797 1846 mor-

555 1888 724 1951 tem,
766 1888 838 1942 et
875 1879 970 1940 sic
1010 1879 1078 1940 in
1117 1877 1363 1940 similia
1401 1878 1620 1957 mala;
1670 1898 1830 1941 narn
1870 1877 2031 1942 talis
2070 1877 2278 1941 homo
2316 1888 2426 1942 est
2464 1879 2681 1961 qualis
2724 1879 2797 1941 in

554 1973 698 2035 vita
730 1973 1031 2054 corporis
1063 1973 1163 2035 sui
1201 1972 1420 2037 suerat
1456 1972 1550 2057 (n.
1585 1971 1935 2056 470-484).
2027 1972 2231 2054 Quod
2265 1974 2652 2055 puniantur,
2686 1979 2797 2035 est

555 2067 713 2150 quia
752 2069 958 2130 timor
1002 2086 1126 2147 pro
1164 2087 1388 2148 poena
1432 2077 1542 2130 est
1587 2068 1863 2131 unicum
1902 2068 2199 2131 medium
2238 2068 2565 2131 domandi
2613 2067 2799 2131 mala

556 2165 626 2226 in
672 2162 805 2225 hoc
843 2173 1074 2240 statu3
1139 2163 1306 2227 nihil
1344 2164 1533 2228 valet
1579 2163 1871 2245 amplius
1908 2164 2333 2238 exhortatiO,
2374 2164 2541 2228 nihil
2588 2165 2795 2228 insor-

557 2259 797 2332 mati0,
837 2277 964 2320 nec
1001 2259 1207 2321 timor
1246 2258 1420 2340 legis
1465 2269 1538 2322 et
1575 2259 1818 2334 famae,
1854 2261 2176 2342 quoniam
2214 2261 2359 2340 agit
2396 2280 2488 2322 ex
2527 2270 2795 2334 natura,

556 2371 730 2434 quae
765 2371 901 2415 non
935 2353 1234 2415 coerceri
1267 2371 1391 2416 nec
1431 2352 1648 2435 frangi
1682 2363 1918 2435 potest
1950 2373 2153 2436 quam
2186 2373 2306 2435 per
2338 2373 2619 2434 poenas.
2694 2352 2801 2418 At

559 2445 722 2509 boni
760 2446 1037 2528 spiritus
1076 2465 1410 2528 nusquam
1450 2449 1842 2529 puniuntur,
1877 2449 2164 2511 tametsi
2198 2447 2379 2511 mala
2423 2449 2493 2511 in
2538 2449 2799 2511 mundo

556 2552 868 2623 egerant,
909 2561 1068 2604 nam
1109 2541 1291 2605 mala
1328 2561 1561 2606 eorum
1601 2563 1740 2607 non
1785 2543 2117 2622 redeunt;
2173 2552 2245 2606 et
2291 2563 2559 2626 quoque
2596 2545 2801 2607 datur

555 2638 754 2712 scire,
789 2637 970 2719 quod
1009 2637 1193 2700 mala
1229 2637 1501 2701 illorum
1535 2637 1706 2702 alius
1739 2637 2010 2720 generis
2041 2648 2161 2703 aut
2194 2649 2477 2702 naturae
2507 2639 2795 2719 suerint3

557 2752 694 2795 non
735 2734 915 2795 enim
983 2752 1074 2795 ex
1135 2734 1490 2816 proposito
1537 2742 1782 2797 contra
1825 2753 2084 2808 verum,
2132 2743 2204 2797 et
2267 2753 2404 2797 non
2449 2755 2542 2798 ex
2589 2734 2797 2798 corde

557 2826 743 2890 malo
780 2826 916 2890 alio
947 2846 1149 2908 quam
1187 2828 1370 2909 quod
1401 2828 1620 2891 fuerat
1657 2827 1792 2891 illis
1829 2849 1921 2892 ex
1958 2828 2378 2893 hereditario
2414 2849 2454 2892 a
2492 2830 2797 2910 parenti-

558 2921 707 2996 buS,
756 2923 824 2984 in
870 2922 1075 3004 quod,
1125 2940 1281 2985 cum
1336 2924 1402 2985 in
1450 2923 1761 2986 externis
1808 2925 2145 3005 separatis
2189 2924 2280 2989 ab
2323 2924 2609 2987 internis
2652 2924 2797 2987 fue-

554 3025 736 3089 runt,
775 3037 864 3079 ex
905 3035 1112 3080 caeco
1144 3017 1441 3098 jucundo
1479 3018 1727 3100 perlati
1764 3029 1945 3081 sunt.

687 3126 885 3194 310.
947 3110 1248 3195 Quisque
1295 3114 1382 3176 ad
1451 3114 1862 3177 societatem
1908 3134 2099 3177 suam
2145 3115 2338 3178 venit
2383 3116 2451 3177 in
2497 3133 2629 3198 qua
2672 3113 2799 3178 fuit

561 3203 704 3285 ejus
750 3206 1029 3286 spiritus
1086 3208 1156 3271 in
1217 3208 1514 3285 mundo;
1584 3208 2043 3292 unusquisque
2089 3211 2271 3273 enim
2316 3206 2524 3273 homo
2573 3208 2797 3291 quoad

559 3300 870 3381 spiritum
910 3320 1104 3364 suum
1144 3300 1545 3383 conjunctus
1583 3313 1691 3366 est
1737 3303 1937 3367 alicui
1974 3304 2294 3368 societati
2339 3304 2451 3368 vel
2487 3304 2799 3368 infernali

558 3394 670 3458 vel
709 3393 1016 3469 caelesti,
1051 3394 1271 3459 malus
1309 3398 1627 3459 societati
1658 3398 1993 3473 infernali,
2030 3398 2249 3461 bonus
2281 3399 2602 3463 societati
2638 3418 2797 3462 cae-

559 3488 762 3565 lesti;
843 3488 1027 3571 quod
1091 3490 1374 3573 quisque
1445 3491 1532 3553 ad
1598 3510 1792 3555 suam
1857 3494 2267 3557 societatem
2332 3492 2573 3556 redeat
2638 3500 2798 3575 post

561 3593 858 3647 mortem
897 3584 1228 3662 videatur,
1263 3606 1326 3650 n.
1359 3588 1526 3666 4383
1573 3587 1660 3650 ad
1694 3586 1881 3651 illam
1916 3586 2306 3671 perducitur
2336 3588 2611 3670 spiritus
2643 3607 2797 3651 suc·

559 3679 844 3753 c'essive,
893 3688 965 3743 et
1011 3680 1296 3744 tandem
1341 3682 1556 3745 intrat
1601 3681 1814 3751 illam.
1906 3682 2130 3746 Malus
2176 3684 2471 3764 spirituS,
2519 3701 2673 3746 cum
2726 3684 2797 3746 in

557 3772 806 3837 '¹¹statu
837 3774 1239 3838 interiorum
1265 3794 1534 3838 suorum
1569 3786 1701 3851 est,
1726 3778 2018 3841 vertitur
2051 3796 2171 3859 per
2202 3777 2453 3859 gradus
2484 3778 2572 3839 ad
2604 3796 2796 3840 suam

559 3869 993 3944 societatem,
1034 3880 1106 3933 et
1145 3870 1430 3935 tandem
1467 3868 1725 3935 directe
1771 3872 1860 3935 ad
1907 3871 2119 3947 illam,
2158 3880 2532 3955 antequam
2569 3869 2798 3935 finitus

559 3974 668 4027 est
703 3963 810 4026 hic
845 3974 1072 4028 status
1102 3986 1117 4042 ;
1166 3974 1240 4028 et
1275 3986 1430 4029 cum
1464 3976 1691 4029 status
1723 3966 1955 4030 finitus
1987 3977 2116 4041 est,
2151 3975 2316 4031 tunc
2346 3968 2494 4049 ipse
2526 3968 2799 4049 spiritus

561 4058 786 4122 malus
825 4078 898 4122 se
939 4058 1215 4140 conjicit
1261 4061 1330 4123 in
1377 4060 1735 4136 infernum,
1776 4061 1889 4125 ubi
1935 4062 2036 4126 sui
2074 4062 2332 4126 similes
2368 4071 2549 4126 sunt.
2640 4060 2799 4143 Ipsa

560 4150 899 4234 conjectio
963 4164 1253 4236 apparet
1319 4155 1406 4218 ad
1478 4156 1699 4219 visum
1766 4158 1943 4221 sicut
2008 4157 2123 4241 qui
2184 4159 2541 4240 supinatus
2606 4158 2798 4221 cadit

561 4250 794 4331 capite
831 4250 1148 4312 deorsum
1189 4258 1260 4314 et
1299 4250 1587 4333 pedibus
1625 4271 1933 4315 sursum:
1982 4272 2191 4316 causa
2228 4253 2411 4335 quod
2448 4252 2548 4316 ita
2583 4270 2797 4335 appa-

561 4354 732 4417 reat,
774 4357 882 4408 est
920 4344 1074 4427 quia
1119 4344 1186 4407 in
1226 4344 1499 4408 inverso
1535 4346 1775 4410 ordine
1811 4355 1942 4422 est,
1984 4358 2335 4411 amaverat
2372 4347 2554 4411 enim
2593 4347 2795 4411 infer-

563 4438 746 4501 nalia
781 4458 861 4501 ac
893 4436 1222 4519 rejecerat
1254 4440 1603 4531 caelestia.
1696 4440 1994 4523 Quidam
2027 4441 2187 4506 mali
2222 4443 2292 4506 in
2330 4442 2634 4506 secundo
2664 4442 2797 4505 hoc

563 4542 753 4596 statu
799 4552 920 4615 per
963 4534 1146 4597 vices
1193 4535 1453 4599 intrant
1491 4536 1774 4610 inferna,
1816 4546 1887 4600 et
1932 4557 2201 4620 quoque
2239 4546 2522 4612 exeunt,
2562 4536 2683 4601 sed
2728 4534 2799 4599 hi

564 4645 702 4691 non
742 4640 1076 4711 apparent
1117 4640 1280 4693 tunc
1321 4632 1616 4712 supinati
1655 4632 1924 4707 cadere,
1966 4634 2142 4697 sicut
2190 4654 2341 4697 cum
2390 4634 2592 4717 plene
2637 4653 2793 4696 vas-
