3371 5304
733 639 1214 708 conJunc‘no
1248 640 1478 692 canu
1512 640 1672 693 cun
1712 637 2022 692 nomme
2059 637 2201 688 PER
2239 639 2567 690 VERBUM.
2666 625 2777 690 181

671 809 884 896 306·
945 807 1362 875 Informatus
1391 827 1541 875 sum
1572 832 1610 875 e
1646 809 1863 886 caelo,
1902 809 2083 894 quod
2121 809 2604 893 antiquissimis
2638 809 2782 874 fue-

546 901 632 965 rit
695 903 1101 968 immediata
1159 904 1514 979 revelati0,
1563 905 1882 986 quoniam
1936 904 2262 967 interiora
2306 921 2540 966 eorum
2586 913 2784 968 erant

537 1018 736 1063 versa
783 997 874 1061 ad
940 994 1232 1072 caelum,
1274 1009 1348 1062 et
1406 998 1588 1081 quod
1650 996 1811 1060 inde
1868 995 2261 1077 conjunctio
2307 995 2585 1061 Domini
2630 1015 2783 1061 cum

537 1093 838 1156 humano
876 1109 1133 1173 genere
1171 1104 1334 1155 tunc
1373 1091 1615 1155 suerit:
1677 1099 1841 1172 post
1876 1089 2149 1154 illorum
2195 1098 2425 1154 autem
2472 1101 2785 1176 tempora

536 1187 720 1271 quod
779 1205 918 1250 non
973 1186 1135 1249 talis
1201 1185 1603 1250 immediata
1659 1183 1995 1249 revelatio
2050 1184 2273 1260 fuerit,
2312 1186 2432 1249 sed
2482 1187 2787 1252 mediata

538 1301 660 1364 per
701 1280 1394 1362 correspondentias;
1458 1279 1682 1343 omnis
1730 1279 1911 1344 enim
1957 1279 2195 1343 horum
2236 1279 2458 1344 cultus
2496 1281 2785 1347 Divinus

536 1375 906 1442 constabat
951 1396 1045 1439 ex
1091 1373 1267 1456 illis;
1334 1375 1513 1439 unde
1551 1373 1884 1439 ecclesiae
1915 1373 2094 1439 illius
2125 1376 2453 1457 temporis
2495 1385 2785 1441 vocatae

535 1481 695 1536 suant
727 1468 1068 1535 ecclesiae
1117 1469 1791 1553 repraesentativae3
1858 1469 2171 1534 sciebant
2208 1470 2389 1532 enim
2429 1478 2591 1534 tunc
2623 1471 2784 1554 quid

535 1565 1150 1650 correspondentia
1206 1574 1279 1631 et
1342 1565 1503 1648 quid
1565 1563 2133 1646 repraesentatio,
2182 1572 2255 1627 et
2318 1564 2503 1646 quod
2556 1566 2787 1630 omnia

535 1679 712 1742 quae
755 1661 824 1723 in
871 1660 1071 1726 terris
1121 1669 1282 1723 sunt
1331 1658 1953 1741 corresponderent
2000 1657 2459 1740 spiritualibus
2497 1679 2668 1742 quae
2714 1661 2783 1724 in

534 1754 733 1818 caelo
768 1763 840 1818 et
877 1755 946 1817 in
983 1752 1298 1830 ecclesia,
1343 1774 1484 1830 seu,
1527 1754 1712 1838 quod
1748 1754 1950 1830 idem,
1988 1764 2587 1836 repraesentarent
2622 1754 2781 1833 illa3

535 1867 744 1931 quare
776 1847 1132 1922 naturalia,
1169 1867 1346 1930 quae
1380 1859 1580 1913 erant
1606 1858 1901 1912 externa
1927 1849 2152 1912 cultus
2177 1868 2433 1922 eorum,
2460 1851 2783 1914 inservie-

535 1942 705 2007 bant
741 1941 874 2006 illis
911 1963 1037 2024 pro
1076 1943 1319 2005 mediis
1361 1942 1716 2027 cogitandi
1760 1944 2221 2026 spiritualiter,
2256 1945 2355 2009 ita
2384 1962 2535 2007 cum
2567 1965 2781 2026 ange·

535 2037 636 2101 lis.
726 2036 1102 2121 Postquam
1143 2037 1437 2101 scientia
1477 2038 2235 2119 correspondentiarum
2273 2048 2345 2103 et
2386 2059 2783 2122 repraesen-

535 2130 876 2196 tationum
924 2130 1323 2195 oblitterata
1384 2125 1529 2209 suit,
1579 2139 1744 2196 tunc
1794 2131 2101 2197 Verbum
2147 2133 2606 2215 conscriptum
2650 2142 2781 2212 est,

534 2227 602 2289 in
661 2246 798 2310 quo
863 2245 1104 2289 omnes
1150 2245 1360 2288 voces
1414 2232 1486 2288 et
1545 2247 1785 2290 sensus
1830 2247 2075 2291 vocum
2136 2228 2785 2310 correspondentiae

535 2321 1120 2395 sunt,·continent
1183 2320 1280 2384 sic
1337 2339 1614 2386 sensum
1665 2322 2089 2405 spiritualem
2136 2343 2257 2386 seu
2300 2325 2667 2396 internum,
2714 2324 2782 2386 in

534 2430 672 2495 quo
720 2423 880 2478 sunt
921 2412 1198 2494 angeli3
1267 2433 1477 2498 quare
1536 2433 1692 2480 cum
1739 2414 1953 2480 homo
2007 2415 2181 2498 legit
2225 2412 2555 2492 Verbum,
2594 2424 2667 2479 et
2714 2416 2782 2480 id

535 2507 825 2589 percipit
871 2506 1248 2572 secundum
1301 2527 1578 2574 sensum
1634 2509 1914 2574 litterae
1960 2531 2082 2574 seu
2124 2519 2506 2584 externum,
2553 2510 2785 2591 angeli

535 2601 602 2665 id
639 2604 1022 2688 percipiunt
1062 2603 1437 2668 secundum
1481 2623 1755 2669 sensum
1790 2605 2135 2671 internum
2166 2625 2283 2670 seu
2318 2603 2777 2687 spiritualem3

537 2700 760 2761 omnis
811 2701 996 2763 enim
1047 2700 1384 2781 cogitatio
1429 2698 1834 2781 angelorum
1872 2711 1983 2765 est
2036 2699 2422 2783 spiritualiS,
2461 2709 2536 2763 at
2591 2700 2782 2780 cogi·
2842 2744 2845 2747 -

537 2794 711 2856 tatio
763 2793 1061 2857 hominis
1131 2802 1240 2857 est
1315 2794 1684 2873 naturalis;
1771 2795 2234 2877 cogitationes
2292 2794 2449 2857 illae
2506 2794 2783 2875 quidem

536 2888 846 2953 diversae
883 2898 1243 2971 apparent,
1285 2888 1409 2952 sed
1469 2910 1682 2972 usque
1724 2910 1932 2955 unum
1969 2900 2129 2954 sunt
2184 2890 2341 2971 quia
2377 2906 2781 2969 correspon-

537 2982 724 3047 dent.
813 2982 984 3046 Inde
1017 2993 1148 3059 est,
1189 2982 1372 3066 quod
1408 2992 1775 3069 postquam
1810 2985 2022 3049 homo
2058 3005 2131 3048 se
2166 2985 2457 3047 removit
2490 3002 2531 3045 a
2562 2980 2783 3057 caelo,

535 3086 606 3141 et
651 3078 834 3159 rupit
877 3077 1248 3151 vinculum,
1290 3097 1335 3141 a
1399 3076 1703 3142 Domino
1752 3078 2094 3161 provisum
2140 3079 2230 3142 sit
2274 3077 2569 3141 medium
2616 3094 2785 3140 con·

529 3170 898 3253 junaionis
931 3172 1108 3238 caeli
1148 3192 1304 3237 cum
1342 3172 1620 3237 homine
1661 3194 1787 3257 per
1830 3172 2160 3237 Verbum.

659 3280 860 3352 307·
919 3266 1292 3350 Quomodo
1343 3267 1783 3350 conjungitur
1831 3267 2097 3332 caelum
2142 3286 2297 3331 cum
2338 3265 2618 3329 homine
2660 3275 2787 3348 per

536 3360 861 3439 Verbum,
901 3362 1109 3427 velim
1147 3382 1240 3427 ex
1283 3362 1618 3447 aliquibus
1659 3364 1829 3428 locis
1866 3363 2024 3426 inde
2060 3362 2417 3426 illustrare.
2508 3360 2785 3423 Descri-

534 3458 716 3521 bitur
753 3456 954 3523 Nova
995 3457 1487 3539 Hierosolyma
1523 3457 1594 3521 in
1632 3456 2053 3539 Apocalypsi
2081 3457 2187 3521 his
2222 3456 2491 3520 verbis:

634 3617 664 3638 ‘⁸
675 3612 801 3666 Vidi
821 3617 1030 3667 caelum
1055 3630 1260 3667 novum
1296 3626 1353 3669 et
1393 3629 1590 3669 terram
1617 3634 1833 3677 novam,
1860 3628 1915 3669 et
1951 3619 2099 3683 prius
2136 3616 2341 3667 caelum
2370 3623 2425 3665 et
2459 3616 2605 3678 prior
2638 3624 2785 3665 terra

794 3683 1022 3732 abierat.
1042 3718 1056 3734 .
1075 3719 1088 3731 .
1109 3719 1122 3731 .
1147 3700 1158 3731 ι
1197 3692 1275 3732 et.
1298 3684 1431 3733 ‚vidi
1465 3680 1710 3735 sanctam
1744 3685 2017 3733 civitatem
2056 3682 2519 3745 Hierosolymam.
2540 3680 2784 3729 ,descen-

792 3746 1008 3796 dentem
1034 3760 1068 3796 a
1093 3746 1212 3796 Deo
1235 3762 1266 3797 e
1289 3750 1465 3801 eaelo.
1485 3786 1500 3800 .
1519 3788 1532 3799 .
1553 3787 1591 3802 ..
1631 3749 1838 3799 Civitas
1872 3747 2323 3811 quadrangularis
2359 3756 2487 3802 erat,
2512 3744 2631 3807 ejus
2666 3745 2783 3793 lon-

731 3844 752 3859 .
791 3812 980 3875 ‘itudo
1003 3824 1203 3877 quanta
1225 3814 1451 3865 latitudo
1469 3829 1484 3873 ;
1519 3814 1620 3867 et”
1635 3816 1866 3879 angelus
1885 3816 1916 3840 ‘⁶
1936 3828 2157 3865 mensus
2182 3822 2267 3861 est
2284 3813 2490 3861 calamo
2508 3810 2781 3859 civitatem

792 3878 863 3927 ad
903 3878 1199 3929 stadiorum
1223 3881 1506 3932 duodecim
1549 3882 1753 3943 millia;
1804 3882 2105 3945 longitudo.
2134 3880 2361 3929 latitudo
2395 3888 2449 3927 et
2489 3875 2773 3925 altitudo..

795 3944 1062 4007 aequales.
1133 3946 1201 3995 Et
1237 3958 1456 3999 mensus
1484 3960 1568 4000 est
1609 3962 1819 4001 murum
1854 3949 1973 4012 ejus
2012 3956 2228 3998 centum
2266 3946 2620 4011 quadraginta
2654 3954 2783 4006 qua·-

791 4016 917 4059 tuor
927 4013 1228 4067 cubitorum
1249 4032 1264 4073 z
1301 4032 1558 4069 mensura
1577 4018 1815 4067 bominis
1840 4027 1977 4081 quae
1994 4027 2078 4066 est
2100 4016 2278 4079 angeli
2301 4031 2339 4064 :.
2360 4020 2497 4063 ,erat
2514 4006 2785 4061 structura

792 4075 931 4125 muri
967 4094 1034 4128 ex
1069 4080 1281 4146 jaspide
1309 4097 1322 4141 ς
1362 4084 1480 4147 ipsa
1507 4098 1636 4133 vero
1662 4084 1853 4134 civitas
1879 4098 2069 4133 aurum
2100 4096 2308 4147 purum.
2336 4090 2390 4130 et
2426 4078 2617 4129 similis
2640 4074 2781 4124 vitro

793 4152 956 4256 Euro:
991 4154 1044 4195 et
1091 4148 1450 4198 fundamenta
1495 4148 1859 4200 muri..omni
1903 4149 2081 4210 lapide
2127 4148 2367 4211 pretioso
2409 4154 2614 4195 ornata.

847 4208 1092 4261 undecim
1131 4222 1320 4277 portae
1356 4214 1640 4265 duodecim
1676 4214 2001 4276 margaritae
2028 4222 2185 4263 erant
2208 4228 2246 4274 ς.
2268 4250 2281 4263 .
2301 4250 2313 4263 .
2334 4221 2411 4263 .et
2444 4212 2625 4275 platea
2653 4207 2783 4257 civi-

642 4458 792 4517 lnde
817 4472 928 4524 est.
947 4462 1060 4517 nisi
1083 4462 1241 4517 foret
1259 4462 1511 4518 ecclesia
1535 4462 1637 4517 ubi
1658 4462 1923 4517 Verbum
1952 4472 2015 4517 et
2039 4476 2141 4531 per
2170 4458 2229 4515 id
2256 4460 2556 4515 Dominus
2578 4471 2779 4527 notus,

535 4546 594 4583 m
631 4530 746 4586 bac
779 4533 1014 4595 tellure.
1047 4532 1268 4605 periret
1306 4532 1404 4588 hic
1439 4546 1635 4604 genus
1671 4532 2003 4589 humanum
2037 4534 2117 4599 (n.
2154 4532 2277 4599 468,
2308 4530 2431 4601 637,
2464 4544 2585 4600 931,
2616 4542 2779 4601 4545,

537 4602 752 4671 mam
