3371 5304
1240 616 1427 681 Qum
1476 617 1796 669 nunnus
1841 617 2272 669 smnrruuu.
2758 606 2882 688 267

640 796 991 851 stercorea
1044 787 1378 851 advolant
1408 796 1516 875 ⁸et
1583 796 1969 852 accurrunt.
2057 785 2316 851 Audivi
2373 788 2671 871 aliquem
2737 786 2882 854 alte

638 882 1155 945 exclamantem
1188 884 1367 947 sicut
1406 902 1497 946 ex
1530 883 1907 946 intrinseco
1937 884 2264 959 cruciatu,
2292 899 2444 947 cum
2477 884 2656 947 feriit
2687 884 2879 948 illum

639 978 895 1042 halitus
940 976 1223 1041 effluens
1268 998 1306 1041 e
1353 978 1591 1056 caelo;
1652 997 1735 1041 ac
1782 978 2231 1061 tranquillum
2277 988 2350 1045 et
2395 978 2682 1057 laetum,
2723 999 2877 1044 cum

637 1073 921 1138 feriebat
958 1073 1151 1136 illum
1189 1072 1447 1137 halitus
1485 1072 1771 1136 effluens
1807 1094 1900 1137 ex
1938 1073 2223 1137 inferno·

758 1182 969 1252 430·
1028 1166 1203 1233 Sunt
1250 1170 1467 1233 etiam
1505 1169 1688 1250 apud
1727 1168 2250 1252 unumquemvis
2285 1166 2637 1233 hominem
2674 1169 2876 1234 binae
2957 1181 2962 1186 ’

636 1273 897 1346 portae,
932 1282 1216 1345 quarum
1249 1282 1384 1325 una
1415 1272 1613 1346 patet
1647 1263 1736 1327 ad
1768 1262 2126 1339 infernum,
2155 1273 2226 1327 et
2264 1274 2508 1347 aperta
2539 1274 2648 1328 est
2681 1264 2878 1327 malis
2967 1270 2986 1295 ⁸

635 1368 705 1421 et
744 1356 931 1421 salsis
962 1358 1162 1436 inde;
1209 1357 1431 1422 altera
1465 1368 1667 1441 porta
1707 1368 1903 1440 patet
1937 1378 2171 1421 versus
2203 1358 2496 1433 caelum,
2531 1367 2602 1421 et
2637 1368 2880 1440 aperta

586 1530 597 1541 ·
631 1462 743 1517 est
779 1452 981 1517 bonis
1018 1462 1091 1516 et
1128 1454 1309 1517 veris
1344 1454 1528 1516 inde.
1630 1453 1842 1517 Porta
1876 1453 2120 1518 inferni
2157 1462 2402 1537 aperta
2437 1462 2548 1517 est
2591 1454 2728 1517 illis
2763 1455 2875 1536 qui

632 1557 796 1611 sunt
852 1550 921 1612 in
968 1548 1156 1612 malo
1199 1558 1272 1613 et
1311 1549 1470 1613 inde
1507 1548 1704 1625 falso,
1746 1559 1820 1612 et
1873 1558 2146 1613 tantum
2183 1568 2306 1631 per
2341 1550 2548 1611 rimas
2583 1568 2876 1631 superne

631 1642 885 1726 aliquid
918 1643 1089 1706 lucis
1126 1664 1165 1707 e
1203 1642 1401 1707 caelo
1432 1643 1671 1719 influit,
1705 1663 1828 1725 per
1864 1663 2067 1726 quem
2104 1642 2435 1706 influxum
2467 1642 2680 1706 homo
2716 1654 2873 1725 pot·

629 1748 739 1802 est
770 1740 1103 1819 cogitare,
1130 1738 1521 1802 ratiocinari
1551 1748 1627 1802 et
1665 1738 1891 1821 loqui3
1939 1748 2142 1819 porta
2171 1748 2408 1801 autem
2435 1739 2607 1802 caeli
2633 1748 2876 1819 aperta

627 1844 737 1897 est
775 1833 913 1897 illis
947 1833 1063 1915 qui
1106 1834 1175 1897 in
1212 1836 1401 1898 bono
1446 1844 1517 1897 et
1564 1834 1724 1898 inde
1762 1854 1926 1898 vero
1963 1843 2148 1898 sunt.
2237 1832 2412 1897 Sunt
2449 1836 2632 1899 enim
2671 1834 2874 1898 binae

626 1930 781 1995 viae
839 1949 1016 2013 quae
1070 1930 1329 1994 ducunt
1388 1930 1477 1993 ad
1538 1937 1842 1994 mentem
1887 1928 2186 1993 hominis
2243 1929 2694 2008 rationalem3
2761 1930 2874 1993 via

626 2025 935 2106 superior
970 2044 1091 2088 seu
1134 2024 1409 2088 interna
1446 2043 1566 2106 per
1604 2044 1808 2107 quam
1846 2025 2064 2087 intrat
2115 2025 2373 2088 bonum
2419 2034 2492 2087 et
2537 2043 2773 2088 verum
2830 2046 2902 2089 a.

630 2118 955 2195 Domine,
990 2129 1063 2183 et
1110 2120 1221 2183 via
1264 2120 1540 2183 inferior
1576 2140 1698 2185 seu
1734 2130 2054 2194 externa,
2093 2138 2216 2200 per
2259 2139 2464 2202 quam
2503 2120 2757 2183 malum
2797 2129 2870 2183 et

624 2214 869 2278 salsum
902 2216 1298 2279 subintrant
1334 2213 1424 2279 ab
1459 2214 1746 2279 inferno.
1837 2214 2000 2297 Ipsa
2035 2234 2232 2277 mens
2262 2214 2620 2278 rationalis
2656 2224 2764 2279 est
2799 2216 2868 2279 in

625 2310 855 2373 medio
893 2310 981 2373 ad
1019 2328 1225 2393 quam
1262 2309 1561 2373 tendunt
1595 2310 1788 2387 viae3
1827 2310 1986 2373 inde
2022 2318 2356 2392 quantum
2390 2309 2560 2372 lucis
2597 2330 2636 2372 e
2672 2310 2871 2373 caelo

624 2404 1037 2480 admittitur,
1076 2414 1352 2470 tantum
1390 2404 1605 2468 homo
1640 2404 2000 2469 rationalis
2045 2414 2202 2483 estg
2258 2414 2593 2487 quantum
2633 2414 2867 2467 autem

624 2519 761 2563 non
808 2500 1222 2575 admittitur,
1262 2509 1539 2565 tantum
1584 2519 1724 2564 non
1771 2498 2130 2563 rationalis
2174 2509 2306 2575 est,
2348 2509 2694 2582 utcunque
2737 2500 2867 2564 sibi

622 2604 973 2678 appareat.
1065 2594 1258 2659 Haec
1298 2592 1483 2659 dicta
1520 2602 1704 2671 sunt,
1745 2603 1820 2660 ut
1857 2614 2128 2678 quoque
2164 2595 2422 2658 sciatur
2456 2594 2676 2677 qualis
2715 2613 2866 2659 cor-

620 2691 1114 2773 respondentia
1143 2700 1251 2754 est
1284 2689 1581 2754 hominis
1610 2709 1768 2754 cum
1801 2689 1996 2754 caelo
2027 2699 2100 2754 et
2135 2709 2288 2753 cum
2321 2689 2622 2754 inferno:
2671 2709 2866 2754 mens

619 2783 762 2866 ejus
835 2784 1212 2860 rationalis„
1290 2786 1451 2848 dum
1526 2788 1593 2850 in
1666 2786 2080 2849 formatione
2155 2795 2286 2861 est,
2365 2785 2863 2866 correspondet

621 2881 878 2945 mundo
914 2881 1272 2964 spirituum
1304 2901 1319 2957 ;
1367 2901 1543 2963 quae
1588 2899 1794 2963 supra
1839 2880 2030 2944 illam
2069 2891 2253 2955 sunt,
2293 2879 2532 2957 caelo;
2579 2890 2652 2944 et
2689 2900 2863 2962 quae

614 2975 807 3051 infra,
856 2975 1155 3039 inferno:
1224 2975 1344 3038 illa
1390 2996 1563 3058 quae
1608 2993 1812 3057 supra
1863 2975 2055 3038 illam
2110 2985 2270 3040 sunt
2324 2976 2739 3057 aperiuntur,
2788 2985 2862 3039 et

617 3090 791 3153 quae
827 3069 998 3134 infra
1035 3069 1224 3133 illam
1264 3069 1690 3144 clauduntur,
1715 3089 1840 3153 pro
1877 3070 2136 3134 influxu
2183 3071 2345 3134 mali
2381 3081 2454 3135 et
2491 3069 2642 3133 salsi
2680 3070 2862 3152 apud

616 3165 771 3230 illos
806 3167 919 3248 qui
967 3176 1459 3248 praeparantur
1494 3167 1582 3228 ad
1627 3166 1941 3243 caelum;
1989 3177 2062 3230 at
2099 3166 2220 3230 illa
2254 3187 2428 3249 quae
2466 3165 2636 3229 infra
2669 3165 2860 3230 illam

614 3269 775 3323 sunt
805 3261 1222 3342 aperiuntur,
1252 3270 1322 3323 et
1354 3279 1530 3342 quae
1563 3280 1768 3342 supra
1799 3260 1992 3323 illam
2019 3260 2575 3342 clauduntur,pro
2600 3260 2858 3323 influxu

613 3354 775 3419 boni
809 3365 881 3418 et
914 3355 1057 3418 veri
1089 3355 1271 3436 apud
1309 3354 1463 3417 illos
1495 3357 1607 3437 qui
1646 3365 2144 3437 praeparantur
2168 3355 2254 3417 ad
2287 3355 2658 3418 infernum:
2699 3355 2860 3418 inde

612 3449 682 3514 hi
720 3470 859 3514 non
897 3450 1100 3513 aliter
1136 3447 1447 3532 spectare
1494 3460 1783 3532 possunt
1828 3469 2035 3532 quam
2081 3449 2253 3512 infra
2291 3471 2387 3524 se,
2426 3449 2558 3512 hoc
2598 3459 2729 3525 est,
2769 3450 2858 3513 ad

612 3544 946 3608 infernum
974 3566 989 3623 ;
1037 3555 1108 3610 et
1138 3545 1236 3608 illi
1268 3564 1405 3607 non
1438 3543 1641 3608 aliter
1664 3563 1868 3628 quam
1900 3564 2106 3626 supra
2129 3565 2227 3618 se,
2254 3543 2386 3607 hoc
2419 3553 2551 3619 est,
2581 3544 2666 3606 ad
2700 3563 2856 3607 cae-

613 3640 774 3703 lum.
864 3639 1191 3722 SpeEtare
1236 3659 1440 3722 supra
1484 3659 1559 3704 se
1613 3650 1724 3704 est
1777 3641 1864 3703 ad
1920 3639 2316 3715 Dominum,
2363 3641 2520 3721 quia
2575 3639 2703 3702 Ille
2747 3649 2858 3703 est

612 3745 926 3800 centrum
993 3755 1378 3810 commune,
1428 3737 1517 3800 ad
1582 3736 1764 3819 quod
1826 3733 2148 3818 spectant
2204 3735 2438 3797 omnia
2493 3735 2712 3798 caeli:
2781 3746 2856 3798 at

611 3829 922 3912 specqzare
960 3832 1132 3895 infra
1175 3851 1248 3895 se
1294 3841 1405 3895 est
1450 3840 1634 3895 retro
1672 3852 1713 3895 a
1751 3830 2054 3894 Domino
2089 3830 2178 3894 ad
2217 3840 2530 3893 centrum
2575 3829 2855 3912 opposi-

610 3934 777 4000 tum,
815 3925 905 3989 ad
935 3926 1119 4007 quod
1157 3923 1475 4008 speEtant
1512 3934 1585 3990 et
1622 3934 1920 4007 vergunt
1959 3925 2192 3988 omnia
2228 3923 2470 3988 inferni
2511 3921 2856 4006 (videatur

609 4039 834 4103 supra,
866 4039 932 4083 n.
982 4035 1118 4099 123,
1166 4019 1335 4102 124).

732 4129 927 4199 431.
988 4115 1097 4178 Illi
1126 4116 1241 4197 qui
1274 4117 1341 4178 in
1373 4115 1630 4179 mundo
1661 4115 2020 4198 spirituum
2051 4122 2236 4190 sunt,
2271 4113 2338 4176 in
2373 4111 2851 4195 praecedenti·

608 4210 734 4273 bus
765 4207 1103 4275 intellecti
1135 4220 1295 4274 sunt
1328 4229 1449 4293 per
1472 4211 1770 4293 spiritus,
1803 4209 1917 4274 ubi
1949 4209 2286 4273 nominati
2315 4229 2332 4288 ;
2378 4217 2451 4273 at
2486 4227 2606 4292 per
2637 4225 2852 4290 ange·

610 4304 715 4369 los
752 4305 849 4369 illi
880 4305 992 4387 qui
1032 4306 1099 4370 in
1134 4305 1353 4370 caelo.
