3371 5304
598 626 825 681 Homo
856 626 1040 679 POST
1070 626 1397 677 MORTEM
1438 626 1573 677 EST
1604 625 1883 691 QUALIS
1919 624 2092 693 EJus
2121 624 2305 675 vrrA
2339 624 2534 677 FUIT.
2627 626 2743 693 301

495 798 620 860 sed
658 796 839 880 quod
878 796 947 861 hi
984 796 1073 861 ad
1108 795 1629 863 instructionem
1660 794 1874 881 longe
1910 795 2323 879 aufugerint,
2357 805 2431 861 et
2466 814 2622 860 cum
2657 795 2747 859 ad

495 912 656 955 suos
694 901 1053 969 venerunt,
1089 893 1499 974 arripuerint
1534 892 1709 958 falsa
1745 892 2235 957 convenientia
2270 891 2487 955 amori
2527 890 2750 954 multa

495 985 897 1070 voluptate:
947 997 1095 1053 tum
1132 1008 1403 1071 quoque
1443 988 1627 1072 quod
1665 990 1944 1070 spiritus
1981 987 2146 1053 boni
2189 989 2370 1052 inter
2413 1006 2488 1051 se
2534 985 2747 1049 locuti

494 1084 637 1147 sint
673 1082 760 1147 de
797 1084 999 1157 veris,
1038 1103 1214 1165 quae
1250 1092 1654 1166 praesentes
1687 1082 1851 1147 boni
1887 1102 2042 1147 cum
2081 1082 2427 1146 desiderio
2464 1081 2746 1145 audive-

495 1188 677 1253 runt,
718 1187 792 1243 at
830 1177 1014 1261 quod
1054 1178 1217 1242 mali
1255 1180 1467 1242 etiam
1507 1188 1910 1262 praesentes
1945 1178 2035 1241 ad
2084 1177 2252 1241 nihil
2290 1176 2744 1249 attenderint,

496 1274 671 1337 sicut
704 1273 889 1355 quod
922 1293 1061 1337 non
1094 1273 1501 1337 audiverint.
1589 1271 1957 1356 Apparent
1993 1272 2062 1335 in
2103 1272 2358 1337 mundo
2388 1271 2746 1355 spirituum

492 1371 687 1448 viae3
733 1368 1073 1451 quaedam
1110 1369 1369 1432 ducunt
1406 1368 1493 1432 ad
1541 1368 1832 1445 caelum,
1871 1368 2210 1453 quaedam
2249 1368 2338 1431 ad
2383 1367 2742 1440 infernum,

495 1463 914 1548 unaquaevis
946 1464 1031 1527 ad
1065 1463 1366 1547 aliquam
1391 1464 1844 1529 societatem:
1894 1464 2055 1527 boni
2092 1464 2371 1547 spiritus
2405 1482 2539 1527 non
2575 1460 2744 1525 alias

494 1558 641 1619 vias
672 1564 863 1633 eunt,
896 1574 1101 1639 quam
1138 1577 1313 1641 quae
1344 1558 1606 1624 ducunt
1639 1557 1730 1624 ad
1767 1557 2058 1635 caelum,
2093 1568 2170 1626 et
2205 1558 2294 1623 ad
2331 1558 2744 1623 societatem

495 1672 672 1735 quae
716 1650 785 1715 in
829 1652 933 1716 sui
974 1653 1227 1717 amoris
1272 1653 1458 1719 bono
1504 1662 1639 1730 est,
1680 1672 1764 1719 ac
1809 1655 1956 1719 vias
2001 1654 2141 1720 alio
2187 1655 2556 1719 tendentes
2602 1672 2744 1718 non

494 1746 779 1824 vident;
844 1754 921 1809 at
978 1744 1141 1810 mali
1177 1748 1457 1830 spiritus
1503 1767 1640 1812 non
1678 1746 1850 1811 alias
1893 1750 2040 1813 vias
2088 1759 2278 1825 eunt,
2319 1767 2524 1831 quam
2567 1765 2744 1833 quae

495 1840 755 1906 ducunt
817 1840 907 1905 ad
972 1840 1331 1916 infernum,
1385 1852 1459 1907 et
1524 1842 1615 1906 ad
1674 1840 1866 1907 illam
1925 1845 2019 1907 ibi
2079 1845 2517 1918 societatem,
2566 1862 2742 1924 quae

495 1936 563 1999 in
609 1936 711 2000 sui
756 1937 1011 1999 amoris
1048 1935 1231 2000 malo
1268 1946 1418 2015 est3
1480 1938 1627 2000 vias
1672 1936 1814 2000 alio
1850 1939 2224 2003 tendentes
2271 1957 2409 2001 non
2455 1936 2741 2014 vident;

494 2040 568 2095 et
614 2030 671 2093 si
708 2030 977 2105 vident,
1016 2050 1233 2115 usque
1269 2051 1411 2096 non
1446 2030 1690 2095 volunt
1727 2032 1846 2095 ire.
1935 2032 2144 2097 Tales
2180 2034 2334 2097 viae
2379 2034 2445 2095 in
2485 2030 2744 2095 mundo

494 2124 833 2206 spirituali
864 2134 1025 2190 sunt
1050 2128 1497 2209 apparentiae
1522 2125 1764 2201 reales,
1789 2146 1964 2210 quae
1990 2128 2538 2211 correspondent
2562 2128 2743 2191 veris

494 2230 613 2285 aut
658 2220 893 2299 salsis;
952 2230 1375 2304 quapropter
1416 2222 1621 2285 “viae
1638 2221 1667 2247 ’⁹
1705 2222 1774 2284 in
1814 2222 2052 2287 Verbo
2096 2223 2220 2287 illa
2255 2220 2743 2307 significantw

495 2314 612 2379 Ex
671 2314 779 2379 his
838 2316 1309 2398 experientiae
1368 2316 1808 2381 documentis
1860 2316 2268 2382 confirmata
2323 2326 2505 2394 sunt,
2565 2338 2740 2401 quae

494 2411 675 2494 prius
708 2432 799 2475 ex
833 2411 1101 2475 ratione
1132 2408 1317 2475 dicta
1346 2421 1531 2487 sunt,
1552 2430 1804 2493 nempe
1833 2414 2018 2495 quod
2041 2414 2500 2497 unusquisque
2529 2413 2742 2478 homo

494 2514 655 2586 post
703 2515 999 2570 mortem
1058 2506 1152 2569 sit
1206 2526 1367 2569 suus
1410 2526 1625 2582 amor,
1675 2518 1757 2572 et
1809 2526 1932 2571 sua
1979 2505 2346 2573 voluntas:
2413 2507 2741 2573 voluntas

494 2601 765 2678 dicitur,
798 2602 956 2686 quia
991 2601 1142 2684 ipsa
1176 2601 1500 2667 voluntas
1536 2602 1835 2686 cujnsvis
1865 2611 1974 2668 est
2012 2600 2156 2685 ejus
2193 2620 2405 2668 arnor.

618 2694 830 2778 480.
880 2694 1072 2780 [(ii.)]
1128 2695 1323 2776 Quod
1337 2697 1529 2762 homo
1542 2708 1704 2780 post
1720 2707 1995 2764 mortem
2019 2707 2286 2762 maneat
2307 2698 2377 2761 in
2399 2707 2740 2762 aeternum

492 2789 721 2872 qualis
750 2801 855 2854 est
895 2791 1126 2873 quoad
1152 2813 1347 2856 suam
1380 2791 1789 2858 voluntatem
1831 2802 1955 2857 aut
1995 2812 2290 2856 amorem
2325 2801 2736 2875 reg-nantem,

491 2887 704 2950 etiam
744 2905 866 2968 per
900 2885 1163 2968 plurem
1200 2889 1708 2971 experientiam
1747 2887 2224 2953 confirmatum
2260 2899 2388 2952 est.
2479 2887 2737 2952 Datum

491 2987 599 3043 est
632 2978 819 3062 loqui
851 2999 1005 3043 cum
1038 2980 1377 3064 aliquibus
1408 2983 1521 3064 qui
1556 2991 1724 3046 ante
1753 2983 1892 3047 duo
1930 2981 2146 3046 millia
2175 2999 2510 3046 annorum
2539 2983 2738 3046 vixe-

491 3083 671 3147 runt,
706 3093 993 3157 quorum
1024 3076 1165 3139 vita
1201 3077 1269 3140 in
1300 3077 1645 3141 historicis
1676 3078 2028 3159 descripta
2059 3086 2190 3152 est,
2224 3086 2297 3141 et
2336 3078 2495 3141 inde
2527 3086 2737 3142 nota:

490 3165 591 3231 illi
621 3170 961 3250 comperti
992 3179 1178 3244 sunt,
1212 3171 1398 3253 quod
1436 3171 1564 3234 sibi
1594 3171 1820 3235 adhuc
1855 3170 2114 3234 similes
2146 3181 2403 3245 essent,
2438 3179 2511 3234 et
2542 3189 2736 3254 pror-

490 3280 605 3324 sus
651 3259 831 3325 tales
876 3263 1054 3326 sicut
1091 3262 1416 3346 descripti
1456 3274 1638 3341 sunt,
1678 3265 1779 3328 ita
1823 3265 2050 3348 quoad
2097 3283 2422 3340 amorem,
2464 3284 2554 3327 ex
2603 3285 2740 3347 quo

492 3363 565 3418 et
624 3357 1003 3418 secundum
1048 3375 1251 3439 quem
1310 3358 1454 3422 vita
1510 3377 1770 3422 eorum.
1862 3357 2170 3422 Fuerunt
2227 3357 2341 3422 alii
2399 3359 2512 3440 qui
2571 3367 2738 3421 ante

490 3448 969 3529 septendecim
1024 3449 1304 3513 saecula
1366 3452 1712 3525 vixerunt,
1762 3447 1862 3515 et'
1901 3471 2172 3534 quoque
2239 3471 2330 3515 ex
2391 3452 2736 3515 historicis

490 3542 637 3607 noti
664 3563 681 3620 ;
728 3553 801 3607 et
832 3543 1101 3607 fuerunt
1136 3545 1248 3626 qui
1280 3556 1446 3608 ante
1478 3556 1774 3627 quatuor
1804 3544 2103 3618 saecula,
2131 3554 2204 3609 et
2236 3545 2349 3628 qui
2381 3553 2548 3608 ante
2579 3545 2733 3620 tria,

490 3647 561 3700 et
608 3637 705 3701 sic
744 3656 971 3719 porro,
1012 3655 1165 3700 cum
1204 3638 1447 3719 quibus
1484 3638 1696 3702 etiam
1733 3639 1919 3722 loqui
1955 3638 2196 3702 datum
2233 3647 2384 3704 est:
2432 3647 2506 3702 et
2543 3657 2736 3702 com-

492 3741 789 3813 pertum,
838 3730 1021 3813 quod
1069 3731 1313 3794 similis
1356 3728 1627 3796 affectio
1662 3732 1890 3797 adhuc
1936 3741 2263 3816 regnaret
2308 3731 2488 3814 apud
2535 3730 2735 3812 illos;

492 3823 750 3907 absque
788 3823 1175 3888 differentia
1208 3823 1368 3900 alia,
1408 3843 1613 3910 quarn
1652 3826 1840 3909 quod
1869 3825 2171 3908 jucunda
2207 3827 2459 3890 amoris
2497 3843 2732 3889 eorum

484 3937 687 3981 versa
720 3917 971 3982 suerint
1008 3919 1076 3980 in
1115 3917 1288 3982 talia
1318 3937 1493 4002 quae
1525 3921 2096 4001 correspondent.
2188 3917 2461 3984 Dictum
2498 3927 2608 3983 est
2647 3917 2736 3982 ab

1261 4147 1365 4200 [(ικ
1388 4157 1584 4190 Amnis
1606 4147 1954 4201 amman

594 4250 693 4320 (p)
746 4247 929 4322 Quod
962 4248 1163 4313 “vial’
1193 4247 1508 4312 “semita''
1534 4249 1836 4312 “orbita,”
1875 4249 2148 4314 “vicus‚”
2177 4251 2478 4324 “platea'’
2507 4251 2735 4324 signifi·

482 4331 623 4376 cent
646 4335 807 4382 vera.
824 4335 983 4392 quae
1005 4321 1239 4376 ducunt
1260 4321 1339 4376 ad
1366 4321 1609 4384 bonurn,
1629 4333 1700 4377 ut
1723 4331 1786 4379 et
1811 4321 1960 4379 falsa
1977 4337 2131 4395 quae
2149 4322 2380 4378 ducunt
2405 4323 2481 4378 ad
2507 4323 2731 4378 malum

487 4393 568 4459 (n.
589 4390 901 4518 Piger-233
913 4393 1311 4534 Jffiffiquod
1337 4463 1419 4520 sit
1438 4479 1789 4590 praefforare
1809 4474 1878 4520 ut
1895 4479 2037 4521 vera
2055 4465 2422 4536 recipiantur
2441 4467 2524 4535 (n.
2548 4469 2732 4536 3¹4²)-

591 4539 624 4562 “
640 4531 865 4588 Notam
886 4532 1081 4588 facere
1100 4532 1313 4594 viam.”
1330 4549 1467 4590 cum
1490 4535 1567 4590 de
1689 4535 1870 4596 mino.
1887 4537 2052 4608 quod
2071 4537 2153 4592 sit
2173 4537 2472 4593 instruere
2495 4537 2556 4592 in
2575 4538 2736 4593 veris

482 4617 637 4674 quae
661 4604 892 4658 ducunt
916 4605 993 4659 ad
1018 4605 1243 4660 bonum
1273 4607 1355 4675 (n.
1388 4605 1611 4676 105641?
1642 4606 1882 4676 ¹05⁶5])·
