3371 5304
787 627 1316 696 UNUSQUISQUE
1353 628 1709 682 ANGELUS
1745 627 1882 681 EST
1921 629 2005 680 IN
2042 629 2315 681 FORMA
2352 629 2712 682 HUMANA.
2784 631 2871 700 47

624 801 914 866 credant
961 800 1118 865 illos
1163 821 1318 864 esse
1357 809 1632 865 mentes
1670 800 1932 883 absque
1966 799 2206 877 forma,
2244 817 2323 864 ac
2362 821 2567 884 puras
2603 801 2873 884 cogita-

627 899 874 974 tiones,
915 897 1004 960 de
1049 896 1292 979 quibus
1329 914 1469 960 non
1509 895 1715 981 aliam
1754 896 1981 960 ideam
2019 895 2283 961 habent
2320 917 2525 980 quam
2564 898 2741 962 sicut
2787 898 2875 961 de

621 994 954 1061 aethereo
999 994 1067 1057 in
1114 1013 1250 1075 quo
1295 991 1552 1071 vitale3
1613 1001 1687 1056 et
1732 993 1891 1075 quia
1943 992 2039 1057 sic
2096 988 2481 1058 ¹¹1addicunt
2525 993 2661 1057 illis
2706 993 2875 1058 nihil

623 1091 920 1154 hominis
967 1098 1244 1174 praeter
1289 1089 1774 1170 cogitativum,
1823 1088 2117 1153 credunt
2163 1090 2350 1172 quod
2399 1107 2541 1153 non
2586 1090 2875 1156 videant

625 1185 784 1269 quia
831 1204 970 1248 non
1016 1185 1115 1248 eis
1171 1182 1372 1258 oculi,
1423 1201 1562 1246 non
1617 1183 1903 1248 audiant
1961 1185 2121 1266 quia
2176 1203 2316 1248 non
2378 1185 2475 1249 eis
2531 1205 2749 1262 aureS,
2800 1195 2873 1250 et

625 1300 762 1344 non
798 1279 1168 1363 loquantur
1199 1280 1357 1362 quia
1390 1299 1528 1341 non
1567 1279 1665 1341 eis
1704 1299 1787 1340 os
1824 1288 1896 1343 et
1934 1278 2187 1361 lingua.
2279 1279 2396 1343 Ad
2436 1280 2607 1344 haec
2642 1282 2875 1364 angeli

621 1375 971 1451 dixerunt,
1006 1375 1188 1458 quod
1222 1375 1444 1438 sciant
1476 1372 1662 1456 quod
1698 1374 1859 1437 talis
1892 1373 2061 1439 fides
2098 1376 2190 1440 sit
2224 1375 2459 1439 multis
2490 1376 2557 1438 in
2591 1378 2869 1454 mundo,

620 1479 692 1536 et
724 1471 906 1556 quod
938 1478 1183 1552 regnet
1213 1469 1393 1551 apud
1425 1470 1752 1544 eruditoS,
1781 1479 1853 1534 et
1885 1489 2175 1553 quoque,
2211 1470 2395 1553 quod
2428 1472 2654 1536 mirati
2686 1481 2868 1548 sunt,

619 1567 800 1648 apud
847 1565 1270 1629 sacerdotes,
1361 1563 1656 1628 Causam
1704 1565 1915 1628 etiam
1961 1565 2309 1640 dixerunt,
2359 1566 2541 1648 quod
2601 1567 2867 1643 eruditi,

618 1663 729 1744 qui
795 1661 1234 1742 antesignani
1299 1659 1592 1735 fuerunt,
1661 1669 1735 1724 et
1796 1661 2087 1742 primum
2148 1659 2595 1726 excluserunt
2654 1661 2869 1726 talem

615 1758 840 1821 ideam
866 1755 953 1821 de
985 1755 1251 1839 angelis
1276 1764 1349 1820 et
1381 1755 1748 1835 spiritibu8‚
1776 1777 1869 1818 ex
1894 1755 2321 1818 sensualibus
2346 1757 2622 1820 externi
2646 1755 2868 1820 homi·

617 1853 720 1916 nis
757 1854 844 1916 de
891 1851 1025 1916 illis
1063 1852 1565 1934 cogitaverint3
1628 1860 1703 1915 et
1749 1851 1863 1933 qui
1909 1871 2000 1915 ex
2046 1851 2179 1914 illis
2224 1852 2567 1933 cogitant,
2606 1862 2679 1916 et
2725 1871 2868 1916 non
2964 1880 2967 1882 ’

618 1967 709 2011 ex
755 1947 906 2012 luce
952 1949 1294 2024 interiore,
1335 1956 1406 2010 et
1454 1967 1545 2010 ex
1592 1946 1749 2010 idea
1794 1947 2140 2010 communi
2177 1967 2351 2029 quae
2389 1948 2596 2012 insita
2633 1949 2867 2024 cuivis,

617 2063 754 2108 non
801 2044 1072 2126 possint
1117 2042 1318 2106 aliter
1362 2060 1568 2126 quam
1613 2039 1873 2123 fingere
1917 2041 2106 2116 talia,
2156 2042 2477 2124 quoniam
2526 2043 2870 2107 sensualia

617 2139 891 2202 externi
927 2138 1220 2203 hominis
1253 2157 1389 2201 non
1423 2137 1703 2219 capiunt
1735 2136 1869 2200 alia
1900 2156 2103 2219 quam
2136 2157 2308 2220 quae
2340 2137 2519 2201 intra
2550 2146 2865 2202 naturam

615 2245 798 2310 sunt,
839 2253 976 2298 non
1023 2244 1254 2297 autem
1292 2251 1466 2316 quae
1512 2253 1736 2315 supra,
1776 2233 1874 2296 ita
1920 2232 2087 2297 nihil
2133 2234 2493 2316 quicquam
2541 2233 2626 2297 de
2670 2235 2865 2315 spiri-

613 2329 783 2393 tuali
814 2329 1071 2393 mundo
1093 2325 1181 2391 2⁰¹)
1229 2349 1320 2392 ex
1353 2328 1459 2391 his
1492 2329 1965 2411 antesignanis
2000 2337 2076 2392 ut
2108 2328 2391 2392 ducibus
2416 2328 2725 2392 derivata
2755 2339 2865 2394 est

613 2423 875 2488 salsitas
922 2425 1368 2507 cogitationis
1415 2425 1501 2487 de
1561 2423 1825 2505 an'gelis
1872 2424 1961 2488 ad
2026 2423 2219 2500 alios,
2269 2425 2381 2507 qui
2440 2445 2531 2487 ex
2590 2445 2665 2488 se
2723 2445 2862 2488 non

613 2521 1093 2602 cogitaverunt
1131 2520 1253 2583 sed
1292 2541 1384 2583 ex
1420 2518 1596 2598 illis;
1635 2529 1709 2584 et
1743 2521 1857 2603 qui
1894 2540 1985 2583 ex
2012 2519 2161 2582 aliis
2193 2521 2482 2602 primum
2520 2517 2883 2602 cogitant,'

612 2625 685 2680 et
729 2615 986 2680 faciunt
1024 2635 1186 2680 suae
1232 2614 1409 2691 fidei,
1444 2625 1515 2680 et
1563 2623 1811 2698 postea
1855 2613 1973 2680 illa
2018 2619 2155 2680 suo'
2188 2612 2542 2680 intelletstu
2589 2617 2861 2681 intuen-

615 2721 744 2786 tur,
773 2730 980 2794 aegre
1005 2722 1295 2794 possunt
1321 2710 1566 2775 abillis
1592 2711 1913 2775 recedere
1936 2732 1951 2789 ;
1992 2731 2198 2794 quare
2224 2711 2528 2794 plerique
2552 2712 2862 2794 acquies-

615 2817 778 2871 cunt
816 2808 884 2870 in
923 2806 1394 2871 confirmando
1431 2806 1570 2870 illa.
1661 2806 1871 2870 Porro
1908 2807 2257 2882 dixerunt,
2298 2806 2481 2889 quod
2518 2806 2863 2889 simplices

616 2898 748 2964 fide
786 2911 857 2965 et
901 2902 1107 2965 corde
1145 2921 1282 2965 non
1329 2902 1396 2965 in
1442 2900 1561 2965 illa
1599 2900 1755 2965 idea
1792 2902 1879 2965 de
1917 2901 2185 2984 angelis
2223 2902 2385 2977 sint,
2426 2901 2548 2964 sed
2596 2902 2663 2964 in
2711 2902 2866 2965 idea

615 2995 702 3059 de
737 2994 872 3059 illis
909 2996 1088 3060 sicut
1134 2997 1219 3060 de
1265 2996 1654 3061 hominibus
1694 2995 1887 3073 caeli,
1928 3017 2021 3060 ex
2076 3016 2283 3059 causa
2318 2996 2475 3079 quia
2532 3014 2671 3059 non
2732 3016 2859 3059 ex·

613 3092 1006 3155 stinxerunt
1051 3091 1330 3155 insitum
1377 3110 1571 3155 suum
1627 3091 1815 3175 quod
1875 3112 1914 3154 e
1973 3091 2169 3155 caelo
2215 3111 2335 3174 per
2378 3091 2857 3167 eruditionem,

613 3204 738 3249 nec
787 3187 1064 3267 capiunt
1111 3186 1362 3268 aliquid
1408 3186 1666 3269 absque
1697 3187 1955 3250 forma:
2026 3184 2185 3250 inde
2230 3196 2358 3261 est,
2400 3186 2583 3269 quod
2628 3186 2860 3269 angeli

613 3280 682 3343 in
715 3280 1014 3362 templiS,
1041 3281 1186 3345 sive
1217 3280 1468 3361 sculpti
1500 3282 1644 3344 sive
1675 3278 1861 3363 picti,
1890 3300 2028 3345 non
2061 3281 2265 3345 aliter
2295 3282 2625 3345 sistantur
2656 3300 2860 3364 quam

613 3384 689 3439 ut
746 3374 1081 3439 homines.
1171 3375 1278 3438 De
1323 3376 1534 3440 insito
1579 3374 1765 3459 quod
1825 3396 1862 3440 e
1922 3376 2117 3440 caelo
2162 3376 2504 3452 dicebant,
2544 3376 2728 3459 quod
2766 3378 2857 3441 sit

613 3469 936 3535 Divinum
966 3470 1254 3535 influens
1286 3472 1465 3554 apud
1490 3472 1646 3535 illos
1678 3473 1792 3556 qui
1829 3474 1896 3536 in
1936 3473 2123 3537 bono
2156 3472 2312 3536 fidei
2350 3482 2422 3537 et
2459 3470 2644 3536 vitae
2676 3482 2857 3537 sunt.

734 3580 872 3651 75.
945 3566 1064 3630 Ab
1085 3568 1273 3631 omni
1297 3568 1751 3649 experientia,
1779 3588 1955 3651 quae
1980 3588 2157 3632 nunc
2190 3577 2298 3632 est
2324 3567 2615 3649 plurium
2638 3587 2857 3631 anno-

611 3678 780 3737 rum,
819 3661 1044 3726 dicere
1083 3671 1155 3725 et
1192 3682 1584 3726 asseverare
1621 3682 1922 3746 possum,
1962 3664 2146 3747 quod
2185 3662 2417 3745 angeli
2452 3662 2681 3745 quoad
2720 3660 2856 3725 sor-

611 3774 794 3821 mam
839 3775 1031 3820 suam
1090 3758 1229 3822 sint
1289 3778 1564 3841 prorsus
1606 3757 1946 3836 homines,
1987 3759 2172 3842 quod
2230 3757 2365 3822 illis
2424 3760 2564 3822 sint
2623 3756 2853 3833 facies,

1415 3997 1492 4049 (xx
1515 4007 1714 4041 neam
1738 3998 2063 4052 calumnas.)

717 4097 802 4166 (a)
943 4099 1023 4154 od
1044 4098 1231 4155 homo
1243 4098 1357 4155 nisi
1377 4114 1414 4155 a
1429 4099 1804 4155 sensualibus
1816 4099 2050 4155 externi
2064 4098 2331 4156 hominis
2342 4098 2626 4163 elevetur
2641 4115 2852 4171 parum

607 4169 909 4367 ”pffiod
921 4168 1163 4310 ssaogisgns
1191 4240 1378 4296 homo
1403 4257 1584 4312 supra
1607 4242 1911 4297 sensualia
1936 4242 2037 4296 illa
2060 4242 2306 4325 cogitet
2318 4242 2399 4312 (n.
2430 4241 2583 4311 5089,
2615 4242 2797 4366 ςεί94).

896 4313 1166 4367 elevatur
1193 4311 1380 4367 homo
1409 4328 1590 4383 supra
1611 4314 1911 4369 sensualia
1940 4313 2058 4375 illa.
2084 4314 2247 4384 quod
2292 4312 2353 4368 in
2396 4314 2599 4367 lumen
2631 4313 2686 4368 cl
2688 4314 2851 4370 arius

606 4382 824 4445 veniat,
849 4392 912 4438 et
937 4382 1226 4439 tandem
1210 4399 1272 4437 m
1297 4382 1494 4439 lucem
1519 4384 1841 4440 caelestem
1872 4386 1952 4453 (n.
1977 4384 2135 4453 6183,
2160 4384 2320 4455 6313.
2338 4383 2497 4455 6315
2514 4397 2671 4455 9407,
2692 4396 2851 4457 9730,

612 4594 693 4661 (n
711 4454 900 4664 {1113}
918 4523 1178 4582 elevatio
1201 4534 1265 4581 et
1286 4522 1572 4583 abductio
1602 4542 1639 4581 a
1667 4524 2043 4583 sensualibus
2070 4524 2189 4582 illis
2211 4524 2475 4625 antiquis
2500 4535 2648 4583 nota
2670 4523 2850 4583 fuerit
