3371 5304
1172 644 1357 709 Qun>
1404 644 1722 699 nunnus
1765 646 2198 699 smarruuu.
2686 636 2808 717 265

565 824 679 881 ast
736 826 1069 899 quantum
1127 836 1292 881 vera
1353 836 1527 900 quae
1584 814 1982 883 intellefius
2039 838 2180 883 non
2240 816 2606 901 conjunGta
2649 830 2811 885 sunt

565 911 765 975 bonis
808 930 986 995 quae
1020 910 1425 986 voluntatis,
1463 920 1736 976 tantum
1781 913 1998 977 homo
2053 914 2124 977 in
2168 921 2358 977 statu
2405 914 2634 979 medio
2676 926 2809 979 est.

566 1006 740 1071 Fere
778 1006 1239 1089 unusquisque
1276 1006 1489 1071 homo
1531 1006 1739 1071 hodie
1795 1008 1864 1071 in
1923 1007 2050 1071 tali
2093 1016 2286 1071 statu
2329 1018 2461 1085 est,
2501 1017 2578 1073 ut
2636 1010 2816 1074 sciat

564 1121 747 1175 vera,
786 1111 861 1165 et
906 1121 998 1165 ex
1042 1102 1337 1165 scientia
1378 1110 1455 1165 et
1500 1121 1772 1184 quoque
1815 1121 1908 1165 ex
1953 1100 2318 1167 intellectu
2353 1104 2622 1185 cogitet
2667 1103 2808 1177 illa,

564 1205 633 1259 et
668 1195 783 1261 vel
818 1195 1027 1260 faciat
1064 1195 1359 1261 multum
1401 1217 1491 1261 ex
1528 1196 1690 1272 inis,
1729 1195 1842 1259 vel
1873 1216 2118 1279 parum
2161 1218 2256 1261 ex
2291 1197 2452 1274 illis,
2491 1198 2602 1263 vel
2641 1198 2812 1263 nihil

562 1310 654 1355 ex
691 1290 847 1367 illis,
886 1290 999 1355 vel
1044 1300 1291 1355 contra
1334 1291 1457 1355 illa
1498 1312 1591 1357 ex
1632 1310 1867 1355 amore
1915 1292 2078 1357 mali
2121 1302 2193 1357 et
2235 1293 2398 1357 inde
2443 1292 2578 1359 fide
2612 1293 2810 1371 falsi;

563 1386 721 1451 ideo
758 1394 833 1451 ut
868 1387 959 1451 sit
998 1387 1061 1451 ei
1096 1386 1208 1451 vel
1246 1387 1515 1451 caelum
1552 1386 1665 1453 vel
1703 1384 2062 1463 infernum,
2102 1388 2392 1469 primum
2428 1398 2588 1471 post
2625 1408 2808 1453 mor-

563 1490 707 1546 tem
745 1481 1141 1564 perducitur
1176 1482 1245 1545 in
1284 1482 1611 1547 mundum
1648 1483 2030 1565 spirituum,
2069 1501 2151 1547 ac
2175 1484 2270 1547 ibi
2305 1482 2382 1547 fit
2420 1481 2812 1565 conjunctio

562 1576 727 1641 boni
764 1584 835 1639 et
868 1576 1013 1639 veri
1050 1575 1189 1639 illis
1220 1576 1335 1658 qui
1370 1575 1692 1641 elevandi
1723 1587 1886 1641 sunt
1921 1578 1990 1639 in
2031 1577 2324 1653 caelum,
2359 1597 2438 1643 ac
2477 1577 2808 1659 conjunc-

564 1670 667 1733 tio
726 1669 891 1735 mali
948 1679 1023 1734 et
1086 1670 1243 1733 falsi
1300 1670 1433 1735 illis
1485 1672 1597 1754 qui
1656 1671 2067 1753 conjiciendi
2122 1681 2281 1736 sunt
2341 1673 2410 1735 in
2448 1671 2809 1737 infernum.

562 1762 745 1827 Nam
806 1784 945 1830 non
1004 1762 1173 1829 licet
1219 1764 1426 1829 alicui
1482 1766 1553 1829 in
1610 1766 1830 1857 caelo,
1873 1786 2000 1831 nec
2059 1768 2128 1830 in
2187 1765 2478 1841 inferno,
2519 1768 2810 1831 divisam

562 1858 817 1923 habere
864 1873 1193 1935 mentem,
1242 1880 1491 1943 nempe
1536 1860 1721 1924 aliud
1775 1860 2163 1943 intelligere
2223 1871 2298 1926 et
2358 1861 2544 1927 aliud
2601 1862 2806 1937 velle,

561 1954 685 2019 sed
722 1955 905 2037 quod
942 1954 1091 2019 vult
1128 1955 1259 2019 hoc
1299 1955 1670 2037 intelliget,
1705 1966 1782 2021 et
1817 1957 2000 2039 quod
2031 1956 2366 2039 intelligit
2401 1956 2536 2021 hoc
2573 1957 2806 2035 volet;

562 2069 771 2132 quare
808 2052 879 2114 in
916 2050 1117 2115 caelo
1153 2051 1269 2132 qui
1302 2051 1455 2116 vult
1492 2051 1754 2115 bonum
1790 2051 2144 2133 intelliget
2183 2072 2444 2127 verum,
2484 2072 2566 2116 ac
2597 2052 2666 2115 in
2701 2051 2806 2115 in·

559 2142 755 2209 ferno
777 2147 889 2228 qui
914 2144 1065 2210 vult
1090 2145 1347 2209 malum
1372 2146 1726 2228 intelliget
1757 2146 2000 2211 falsum
2030 2164 2046 2207 ε
2085 2147 2244 2211 ideo
2263 2146 2446 2229 apud
2471 2148 2694 2211 bonos
2715 2146 2809 2210 ibi

558 2250 1001 2305 removentur
1037 2240 1211 2305 falsa
1246 2261 1328 2305 ac
1366 2241 1619 2306 dantur
1654 2262 1818 2305 vera
1854 2242 2042 2305 bono
2077 2241 2350 2306 illorum
2384 2243 2808 2307 convenien-

560 2334 659 2399 tia
694 2345 767 2401 et
812 2335 1191 2401 conformia
1212 2356 1233 2415 3
1284 2356 1365 2401 ac
1410 2336 1507 2401 ibi
1550 2337 1734 2419 apud
1771 2335 1994 2400 malos
2027 2346 2472 2402 removentur
2507 2357 2690 2413 vera,
2725 2356 2808 2401 ac

559 2431 811 2495 dantur
841 2431 1017 2495 falsa
1048 2431 1237 2495 malo
1267 2429 1537 2496 illorum
1570 2432 2058 2497 convenientia
2093 2441 2168 2496 et
2205 2431 2602 2497 conformia.
2691 2432 2807 2495 Ex

557 2525 665 2590 his
701 2536 923 2608 patet,
960 2526 1125 2609 quid
1164 2526 1463 2591 mundus
1498 2526 1880 2608 spirituum.

683 2620 887 2704 426·
946 2620 1027 2684 In
1082 2621 1341 2706 mundo
1396 2622 1762 2705 spirituum
1819 2630 1930 2688 est
1983 2622 2230 2705 ingens
2265 2641 2610 2698 numeruS‚
2650 2622 2808 2705 quia

559 2716 651 2780 ibi
688 2725 799 2780 est
834 2717 1095 2798 primus
1130 2727 1515 2782 conventus
1551 2719 1880 2792 omnium,
1921 2727 1995 2782 et
2031 2718 2127 2781 ibi
2163 2718 2618 2799 explorantur
2655 2737 2806 2782 om-

560 2831 703 2887 nes,
742 2820 819 2876 et
862 2823 1383 2894 praeparantur.
1472 2812 1631 2876 Non
1668 2821 1781 2878 est
1825 2811 2006 2877 fixus
2051 2815 2386 2878 terminus
2421 2814 2806 2878 durationis

556 2905 829 2972 illorum
873 2906 1007 2986 ibi;
1068 2909 1347 2990 quidam
1382 2907 1593 2972 modo
1628 2907 1896 2990 intrant
1935 2907 2150 2982 illum,
2191 2917 2264 2973 et
2311 2927 2478 2972 mox
2525 2907 2636 2972 vel
2681 2928 2806 2972 au·

556 3000 861 3066 feruntur
904 3003 973 3066 in
1020 3002 1311 3078 caelum,
1359 3002 1473 3068 vel
1518 2999 1927 3082 dejiciuntur
1971 3003 2039 3067 in
2084 3003 2462 3082 infernum;
2523 3003 2804 3085 quidam

560 3107 965 3180 permanent
996 3099 1091 3162 ibi
1120 3099 1333 3162 modo
1362 3097 1453 3162 ad
1484 3099 1956 3180 septimanas;
1992 3099 2268 3180 quidam
2301 3099 2390 3162 ad
2422 3098 2652 3181 plures
2675 3118 2800 3161 an-

558 3213 705 3268 nos,
732 3193 856 3256 sed
888 3213 1027 3256 non
1066 3193 1247 3258 ultra
1278 3193 1607 3274 triginta:
1655 3193 2042 3257 durationis
2074 3194 2454 3258 varietates
2486 3194 2803 3258 existunt

557 3309 649 3353 ex
686 3289 1303 3370 correspondentia
1338 3299 1413 3352 et
1452 3308 1593 3352 non
1628 3289 2248 3370 correspondentia
2291 3290 2690 3353 interiorum
2731 3297 2808 3354 et

557 3385 983 3448 exteriorum
1026 3385 1209 3466 apud
1262 3383 1635 3448 hominem.
1723 3383 1862 3448 Sed
1912 3385 2259 3467 quomodo
2295 3384 2508 3449 homo
2551 3385 2622 3448 in
2681 3383 2804 3447 illo

556 3479 815 3544 mundo
858 3479 951 3544 ab
994 3499 1133 3544 uno
1170 3488 1360 3544 statu
1404 3480 1473 3542 in
1516 3478 1814 3544 alterum
1859 3479 2276 3562 perducitur,
2315 3489 2389 3544 et
2433 3500 2806 3562 praepara·

558 3581 691 3650 tur,
737 3574 807 3637 in
844 3574 1291 3656 sequentibus
1328 3574 1615 3639 dicetur.

680 3679 873 3751 42¹7.
934 3667 1275 3734 Homines
1332 3677 1493 3750 post
1560 3668 1851 3746 obitum,
1913 3669 2284 3751 utprimum
2349 3669 2418 3732 in
2475 3669 2804 3734 mundum

557 3762 915 3844 spirituum
961 3763 1271 3838 veniunt,
1319 3783 1360 3827 a
1412 3762 1716 3827 Domino
1760 3763 1974 3844 probe
2019 3763 2573 3845 distinguuntur:
2642 3763 2806 3829 mali

556 3859 795 3922 statim
821 3857 1195 3940 alligantur
1218 3859 1541 3924 societati
1564 3858 1874 3923 infernali
1905 3859 1974 3922 in
2000 3878 2136 3940 qua
2157 3858 2428 3922 fuerunt
2453 3860 2522 3922 in
2547 3859 2806 3922 mundo

557 3953 782 4035 quoad
818 3972 1125 4018 amorem
1164 3963 1621 4034 regnantem;
1676 3973 1756 4016 ac
1803 3954 1964 4016 boni
1999 3953 2242 4017 statim
2282 3952 2653 4034 alligantur
2687 3973 2802 4016 so-

558 4047 797 4113 cietati
858 4048 1153 4112 caelesti
1210 4049 1281 4112 in
1340 4068 1475 4130 qua
1534 4050 1748 4113 etiam
1794 4041 2066 4112 fuerunt
2137 4048 2206 4110 in
2265 4048 2526 4112 mundo
2578 4049 2806 4130 quoad

556 4162 888 4220 amorem,
934 4144 1347 4209 charitatem
1406 4153 1479 4210 et
1538 4143 1766 4208 fidem.
1855 4143 1960 4207 At
2017 4143 2302 4207 tametsi
2355 4143 2454 4206 ita
2497 4139 2804 4208 distincti

557 4247 743 4313 sunt,
778 4259 989 4321 usque
1026 4241 1095 4304 in
1128 4239 1249 4303 illo
1288 4240 1549 4304 mundo
1578 4239 2026 4313 conveniunt,
2059 4257 2138 4302 ac
2177 4239 2362 4301 inter
2397 4257 2472 4300 se
2511 4237 2802 4320 loquun-

558 4344 669 4398 tur
714 4353 979 4410 omneS,
1026 4335 1305 4417 quando
1348 4334 1770 4408 desiderant,
1815 4334 1928 4415 qui
1973 4333 2175 4398 amici
2219 4343 2292 4396 et
2341 4333 2488 4396 noti
2535 4331 2804 4398 fuerunt

558 4429 625 4494 in
662 4429 809 4494 vita
840 4431 1169 4512 corporiS,
1204 4449 1459 4494 uxores
1495 4439 1568 4493 et
1606 4430 1836 4492 mariti
1873 4429 2224 4509 imprimis,
2259 4437 2330 4492 et
2369 4448 2638 4510 quoque
2669 4427 2803 4492 sra-

558 4533 703 4589 tres
746 4533 819 4589 et
866 4544 1157 4589 sorores,
1247 4523 1413 4588 Vidi
1460 4533 1730 4605 patrem
1777 4523 2086 4587 locutum
2133 4541 2288 4586 cum
2333 4541 2460 4584 sex
2507 4521 2682 4597 filiis,
2731 4533 2803 4586 et

558 4619 929 4696 agnovisse
964 4619 1164 4700 illos;
1211 4639 1291 4685 ac
1330 4619 1559 4700 plures
1594 4617 1770 4683 alios
1807 4637 1960 4682 cum
1997 4619 2136 4682 suis
2171 4615 2488 4682 affinibus
2524 4627 2598 4682 et
2634 4617 2804 4682 ami·
