3371 5304
952 620 1285 675 HOMINIS
1328 622 1876 677 Rsssuscrmrlo
1921 625 1974 677 A
2018 625 2377 679 MORTUIS.
2663 629 2787 697 273

546 792 719 858 Inde
764 803 893 871 est,
942 794 1127 879 quod
1177 794 1471 861 “mors”
1516 796 1583 861 in
1629 796 1868 863 Verbo
1931 798 2000 861 in
2060 818 2266 863 sensu
2317 797 2458 881 ejus
2513 798 2790 863 interno

544 889 887 972 significet
924 888 1513 967 resurrectionem,
1554 901 1625 955 et
1661 894 2259 959 continuationem
2298 891 2576 958 vitae.(·)

670 988 883 1071 446·
943 988 1199 1053 Intima
1236 990 1774 1055 communicatio
1811 992 2092 1073 spiritus
2135 1002 2246 1056 est
2291 1010 2447 1055 cum
2493 991 2786 1074 respira-

544 1084 735 1147 tione
766 1094 841 1147 et
879 1103 1035 1149 cum
1066 1093 1263 1148 motu
1298 1084 1547 1161 cordis,
1580 1086 1922 1167 cogitatio
1953 1086 2096 1167 ejus
2126 1106 2278 1149 cum
2309 1088 2783 1170 respiratione,

544 1188 615 1241 et
682 1176 954 1243 affectio
1011 1198 1185 1262 quae
1242 1179 1495 1245 amoris
1552 1198 1707 1245 cum
1775 1180 1984 1245 corde
2012 1178 2088 1260 ;(⁶)
2153 1192 2573 1265 quapropter
2629 1200 2784 1246 cum

544 1274 683 1336 bini
734 1273 840 1350 illi
899 1284 1129 1338 motus
1180 1284 1459 1339 cessant
1519 1274 1589 1338 in
1645 1294 1957 1357 corpore,
2013 1275 2198 1340 illico
2256 1278 2601 1359 separatio
2652 1286 2783 1341 est.

544 1366 719 1433 Sunt
778 1368 919 1434 bini
974 1369 1073 1433 illi
1132 1380 1386 1446 motus,
1434 1389 1682 1451 nempe
1741 1372 2216 1452 respiratorius
2267 1372 2666 1453 pulmonum
2712 1382 2783 1435 et

544 1464 914 1544 systolicus
958 1466 1209 1542 cordiS,
1248 1467 1395 1547 ipsa
1430 1464 1728 1540 vincula,
1768 1466 2010 1548 quibus
2053 1467 2293 1550 ruptis„
2333 1467 2612 1549 spiritus
2655 1466 2782 1531 sibi

542 1558 821 1624 relictus
857 1569 1009 1638 est3
1056 1570 1130 1625 et
1167 1580 1439 1643 corpus,
1479 1561 1638 1644 quia
1682 1571 1848 1625 tunc
1886 1561 2144 1644 absque
2181 1562 2327 1625 vita
2363 1563 2640 1643 spiritus
2677 1563 2781 1625 sui

542 1663 673 1729 est,
733 1654 1041 1737 frigescit
1102 1665 1175 1719 et
1236 1656 1591 1738 putrescit.
1683 1654 1890 1737 Quod
1945 1656 2190 1719 intima
2249 1657 2783 1721 communicatio

541 1748 817 1831 spiritus
864 1748 1161 1813 hominis
1207 1750 1297 1813 sit
1352 1766 1507 1813 cum
1552 1750 2010 1830 respiratione
2067 1757 2142 1813 et
2200 1768 2356 1813 cum
2403 1751 2632 1825 corde,
2673 1761 2783 1815 est

542 1844 699 1925 quia
754 1864 997 1909 omnes
1047 1844 1301 1909 vitales
1357 1855 1589 1908 motus
1644 1843 1808 1909 inde
1865 1845 2196 1927 pendent,
2245 1864 2384 1908 non
2429 1844 2653 1909 solum
2711 1844 2780 1907 in

542 1940 911 2015 communi,
950 1940 1071 2003 sed
1110 1940 1321 2003 etiam
1358 1940 1426 2003 in
1464 1938 1650 2003 omni
1689 1936 1968 2022 parte.(‘)

664 2046 862 2118 4411.
907 2033 1199 2118 Spiritus
1229 2034 1525 2098 hominis
1554 2044 1717 2115 post
1748 2034 2258 2116 separationem
2282 2032 2782 2116 aliquantisper

540 2136 777 2192 manet
822 2128 891 2193 in
938 2148 1245 2209 corpore,
1284 2128 1409 2193 sed
1456 2148 1593 2193 non
1640 2127 1896 2192 diutius
1932 2146 2136 2211 quam
2183 2128 2270 2191 ad
2315 2128 2776 2193 cessationem

540 2222 835 2287 totalem
880 2224 1131 2297 cordis,
1169 2223 1355 2306 quod
1400 2222 1479 2288 fit
1516 2241 1672 2287 cum
1717 2223 2059 2287 varietate
2103 2223 2478 2285 secundum
2517 2231 2775 2288 statum

540 2316 759 2381 morbi
818 2338 912 2382 ex
970 2338 1109 2401 quo
1166 2317 1377 2382 homo
1436 2318 1746 2391 moritur,
1797 2334 1956 2381 nam
2015 2326 2247 2381 motus
2316 2316 2540 2381 cordis
2597 2318 2778 2400 apud

539 2412 875 2494 quosdam
912 2422 1183 2496 perstat
1222 2412 1359 2488 diu,
1400 2422 1473 2477 et
1510 2412 1692 2496 apud
1724 2410 2058 2494 quosdam
2097 2430 2236 2474 non
2274 2411 2410 2475 diu.
2500 2412 2603 2476 Ut
2641 2413 2776 2495 pri-

540 2526 723 2570 mum
782 2507 889 2571 hic
950 2518 1179 2573 motus
1225 2517 1477 2582 cessat,
1524 2507 1736 2571 homo
1781 2507 2271 2583 resuscitatur;
2339 2507 2462 2571 sed
2521 2507 2652 2571 hoc
2699 2506 2779 2571 fit

538 2621 581 2664 a
624 2602 773 2668 solo
817 2602 1139 2668 Domin0.
1230 2603 1358 2668 Per
1400 2602 2002 2668 resuscitationem
2047 2600 2460 2684 intelligitur
2505 2592 2778 2668 edu8tio

538 2697 815 2779 spiritus
846 2698 1143 2764 hominis
1178 2719 1219 2762 a
1242 2718 1549 2781 corpore,
1590 2707 1663 2762 et
1701 2695 2118 2762 introductio
2163 2697 2232 2760 in
2271 2699 2596 2762 mundum
2635 2698 2775 2780 spi·

536 2793 879 2869 ritualem,
927 2794 1109 2876 quod
1171 2793 1630 2858 communiter
1687 2800 1976 2856 vocatur
2023 2789 2480 2857 Resurrectio,
2570 2790 2774 2873 Quod

538 2905 677 2952 non
712 2890 895 2970 prius
932 2893 1289 2970 separetur
1318 2887 1591 2970 spiritus
1622 2887 1920 2952 hominis
1959 2907 2002 2950 a
2036 2904 2343 2968 corpore,
2380 2907 2582 2969 quam
2620 2907 2774 2952 cum

537 2984 835 3046 cessavit
885 2993 1117 3048 motus
1162 2983 1411 3058 cordss,
1458 2991 1567 3046 est
1626 3001 1836 3046 causa
1887 2981 2046 3063 quia
2103 3000 2222 3045 cor
2277 2981 2774 3063 correspondet

536 3075 877 3142 affeffloni
927 3099 1103 3160 quae
1164 3079 1439 3152 amoris,
1486 3097 1663 3159 quae
1722 3085 1834 3140 est
1891 3077 2042 3158 ipsa
2100 3077 2247 3139 vita
2300 3074 2618 3150 hominis,
2679 3097 2772 3140 ex

536 3192 771 3238 amore
808 3173 989 3238 enim
1034 3183 1143 3236 est
1190 3173 1405 3236 cuivis
1450 3171 1640 3236 calor
1675 3169 1907 3234 vitalis
1931 3165 2028 3232 τω)
2073 3179 2495 3253 quapropter
2532 3189 2773 3252 quam-

1311 3373 1407 3424 [(ικ
1432 3381 1627 3414 aucun
1651 3370 2000 3432 emman

642 3476 729 3544 (a)
779 3473 961 3547 Quod
993 3473 1250 3530 “mors‘’
1278 3473 1337 3528 in
1368 3472 1571 3528 Verbo
1600 3471 1898 3543 significet
1928 3469 2441 3532 resurrectionem,
2467 3472 2770 3542 quoniam.

532 3563 669 3602 curn
698 3546 955 3602 moritur
978 3545 1182 3606 homo,
1206 3545 1595 3599 continuatur
1620 3559 1807 3616 usque
1832 3544 1964 3614 ejus
1989 3542 2116 3598 vita
2142 3545 2226 3610 (n.
2247 3543 2402 3612 3498,
2431 3555 2586 3612 3505,
2611 3542 2770 3608 4618.

533 3617 691 3685 4621,
714 3617 872 3688 6036,
898 3616 1092 3686 6222[?
1116 3615 1325 3683 6221J).

641 3739 719 3808 (b)
769 3737 949 3810 Quod
975 3753 1081 3791 cor
1102 3751 1303 3791 corres
1384 3734 1570 3790 ndeat
1587 3733 2012 3818 {remmath-ita
2028 3749 2269 3816 quoque
2288 3731 2589 3818 affectioni
2615 3749 2770 3857 (Quae

534 3810 767 3870 mm·
780 3803 2766 3946 32-‘335‘2-‘333122335332ms¹÷¹31¹1¹ssi³t⁰sssffinissffissna3335„⁸33.

534 3879 873 4020 75432250.
905 3949 1118 4031 ¹03362-
1304 4017 1317 4032 ,
1408 4017 1421 4032 ,
1606 4017 1618 4030 ,
2630 4015 2642 4028 .

643 4021 718 4076 Et
753 4021 917 4104 quod
945 4029 977 4048 “
994 4034 1196 4074 amma
1209 4018 1240 4038 '⁹
1270 4016 1566 4108 significet
1604 4014 1988 4078 intellectum,
2008 4015 2200 4100 ‘fidem
2240 4026 2303 4071 et
2337 4031 2576 4078 verum:
2629 4017 2768 4071 inde

533 4100 655 4148 “ex
683 4107 885 4146 amma
917 4100 979 4146 et
1018 4105 1091 4145 ex
1121 4089 1301 4144 corde
1380 4085 1677 4158 significat
1706 4088 1869 4158 quod
1900 4103 1974 4142 ex
2005 4085 2329 4147 intellectu.
2357 4085 2491 4148 fide,
2519 4103 2678 4149 vero,
2705 4099 2767 4142 et

532 4163 693 4234 quod
720 4179 795 4218 ex
818 4161 1153 4222 voluntate.
1176 4175 1397 4221 amore.
1424 4160 1586 4215 bono
1614 4161 1698 4225 (n.
1725 4171 1888 4227 2930.
1910 4162 2096 4227 9050).

642 4233 732 4289 De
763 4230 1299 4302 correspondentia
1327 4229 1526 4285 cordis
1556 4239 1619 4284 et
1652 4228 2004 4300 pulmonum
2035 4244 2173 4283 cum
2207 4227 2473 4283 Maximo
2502 4225 2766 4284 Homine

532 4320 637 4360 seu
664 4304 833 4360 caelo
858 4305 940 4371 (n.
968 4299 1327 4372 3883—3896).

640 4415 715 4485 (c)
767 4413 945 4487 Quod
976 4412 1181 4484 pulsus
1204 4411 1405 4482 cordis
1428 4421 1491 4466 et
1514 4409 1828 4535 respiratio
1857 4410 2208 4480 pulmonum
2242 4409 2302 4464 in
2333 4409 2613 4466 universo
2636 4425 2766 4466 cor-

534 4503 678 4558 pore
703 4495 973 4558 regnent,
1000 4495 1063 4539 et
1086 4481 1281 4539 ubivis
1306 4490 1519 4538 mutuo
1546 4481 1606 4536 in
1652 4490 1800 4536 uant
1827 4481 1908 4548 (n.
1937 4481 2092 4550 3887,
2120 4480 2274 4549 3889,
2303 4481 2483 4550 3890).

641 4607 737 4670 (d)
784 4605 969 4680 Quod
993 4620 1163 4661 amor
1185 4603 1267 4661 sit
1285 4619 1417 4660 esse
1440 4603 1601 4658 vitae
1627 4601 1890 4658 hominis
1917 4601 2000 4669 (n.
2033 4603 2210 4670 5002).
