3371 5304
796 618 900 670 DE
936 614 1423 669 SAPIENTIBUS
1456 614 1558 666 m·
1593 614 2070 669 sml’ucmus
2109 616 2194 667 IN
2233 618 2503 671 CAELO.
2665 622 2794 691 209

542 787 693 853 finis
730 798 1015 873 propter
1050 804 1252 871 quem
1286 807 1302 864 3
1350 796 1425 851 et
1464 802 1617 851 cum
1656 784 1776 849 illa
1813 784 2035 867 gloria
2071 796 2181 851 est
2221 785 2398 862 finis,
2440 798 2606 854 tunc
2645 791 2794 873 ipse

540 885 753 949 homo
788 906 861 949 se
907 880 1179 965 speEtat
1218 881 1712 965 principaliter,
1754 890 1827 944 et
1874 900 2059 955 vera,
2099 901 2274 963 quae
2321 903 2482 945 suae
2532 885 2796 965 gloriae

540 981 941 1055 inserviunt,
982 979 1203 1043 solum
1242 974 1509 1067 speftat
1552 986 1625 1039 ut
1662 975 1890 1039 media
1927 975 2014 1037 ad
2055 974 2283 1050 finem,
2325 996 2404 1039 ac
2457 987 2531 1040 ut
2579 982 2793 1043 servi-

540 1076 682 1152 tia;
747 1074 907 1139 nam
952 1074 1065 1157 q'ui
1111 1084 1300 1136 amat
1350 1072 1595 1135 Divina
1632 1090 1798 1133 vera
1844 1078 2126 1153 propter
2168 1070 2464 1151 gloriam
2515 1074 2637 1147 sui,
2677 1074 2792 1139 ille

539 1167 809 1252 spestat
846 1190 922 1233 se
958 1170 1025 1231 in
1066 1168 1329 1232 Divinis
1366 1170 1569 1241 veris,
1604 1176 1677 1231 et
1720 1184 1858 1229 non
1901 1164 2319 1244 Dominum;
2370 1166 2550 1229 unde
2582 1170 2792 1233 vertit

539 1283 733 1327 suum
768 1265 1010 1337 visum,
1050 1266 1162 1345 qui
1200 1274 1307 1328 est
1346 1260 1744 1329 intelleEtus
1784 1272 1857 1326 et
1905 1260 2084 1335 fidei,
2127 1282 2168 1325 a
2217 1260 2416 1324 caelo
2460 1261 2547 1324 ad
2593 1282 2788 1325 mun-

540 1358 723 1432 dum,
762 1368 837 1421 et
882 1378 925 1420 a
969 1356 1267 1422 Domino
1313 1359 1398 1422 ad
1460 1369 1728 1422 semet:
1800 1357 1960 1419 inde
2009 1367 2137 1429 est,
2181 1356 2366 1438 quod
2421 1354 2660 1440 [tales]
2721 1360 2788 1421 in

540 1451 691 1517 luce
716 1454 949 1517 mundi
974 1454 1136 1526 sint,
1162 1462 1233 1517 et
1268 1474 1405 1517 non
1438 1456 1506 1517 in
1541 1454 1690 1517 luce
1716 1452 1911 1517 caeli.
2009 1450 2100 1513 Hi
2133 1452 2202 1514 in
2233 1460 2524 1514 externa
2548 1452 2785 1527 forma,

538 1546 638 1610 ita
660 1564 891 1610 coram
923 1547 1334 1624 hominibus,
1362 1557 1700 1633 apparent
1732 1568 1946 1630 aeque
1973 1545 2456 1629 intelligentes
2483 1555 2554 1609 et
2579 1544 2785 1622 doen,

540 1642 715 1703 sicut
758 1640 859 1703 illi
904 1641 1015 1723 qui
1074 1642 1143 1704 in
1190 1641 1341 1705 luce
1386 1640 1561 1705 caeli
1615 1652 1799 1717 sunt,
1840 1662 1931 1705 ex
1981 1660 2184 1705 causa
2223 1640 2380 1723 quia
2421 1640 2788 1723 loquuntur

538 1734 873 1809 similiter,
924 1737 1337 1819 quandoque
1394 1738 1464 1799 in
1525 1748 1822 1799 externa
1877 1736 2107 1816 specie
2168 1737 2569 1816 sapientius,
2629 1738 2788 1819 quia

538 1830 832 1893 excitati
884 1830 973 1893 ab
1016 1850 1251 1895 amore
1296 1831 1420 1905 sui,
1460 1850 1542 1895 ac
1600 1827 1790 1893 doe'ti
1843 1839 2004 1893 sunt
2065 1830 2341 1892 mentiri
2389 1828 2785 1895 affestiones

537 1922 915 2002 caeleste33
972 1926 1099 1997 ,sed
1145 1946 1361 2007 usque
1418 1926 1488 1988 in
1532 1925 1808 1989 interna
1850 1924 2089 1997 forma,
2135 1924 2204 1993 in
2265 1944 2400 2008 qua
2445 1936 2782 2006 apparent

536 2034 769 2081 coram
800 2020 1089 2101 angelis,
1122 2040 1401 2101 prorsus
1439 2019 1554 2082 alii
1590 2029 1774 2083 sunt.
1861 2018 1976 2081 Ex
2015 2018 2122 2082 his
2154 2017 2582 2101 aliquantum
2615 2038 2780 2081 con-

536 2121 724 2177 stare
761 2124 1020 2197 potest,
1060 2116 1337 2196 quinam
1383 2124 1544 2177 sunt
1588 2114 1704 2197 qui
1747 2112 2232 2195 intelliguntur
2278 2132 2400 2196 per
2447 2112 2773 2177 “intelli-

534 2206 846 2287 gente3,’'
868 2208 980 2291 qui
1018 2208 1083 2270 in
1118 2207 1314 2271 caelo
1338 2207 1804 2289 splendebunt
1837 2208 2014 2271 sicut
2047 2206 2420 2289 splendore
2443 2208 2778 2289 expansi:

534 2300 811 2382 quinam
862 2311 1097 2365 autem
1151 2312 1335 2377 sunt,
1384 2302 1497 2383 qui
1549 2300 2038 2382 intelliguntur
2097 2321 2220 2382 per
2267 2300 2776 2381 “justificantes

536 2394 851 2471 multos,”
888 2396 999 2478 qui
1038 2394 1500 2477 splendebunt
1538 2397 1718 2459 sicut
1755 2395 2026 2467 stellae,
2063 2414 2242 2458 nunc
2281 2394 2568 2457 dicetur.

659 2490 863 2573 348·
926 2490 1055 2553 Per
1092 2488 1599 2570 “justificantes
1644 2489 1906 2553 multos
1922 2488 1952 2515 ''
1987 2488 2474 2570 intelliguntur
2515 2489 2618 2553 illi
2660 2491 2774 2571 qui

534 2584 883 2666 sapientes
918 2592 1121 2662 sunt;
1178 2593 1249 2646 et
1294 2584 1363 2647 in
1402 2582 1599 2647 caelo
1636 2595 1974 2647 vocantur
2009 2582 2110 2645 illi
2146 2584 2500 2665 sapientes
2545 2584 2656 2666 qui
2705 2584 2771 2648 in

534 2677 719 2742 bono
754 2688 955 2756 sunt;
1001 2689 1075 2744 et
1112 2679 1212 2743 illi
1248 2679 1338 2743 ibi
1374 2681 1443 2742 in
1481 2678 1665 2742 bono
1701 2689 1862 2742 sunt
1901 2679 2014 2760 qui
2053 2678 2302 2741 Divina
2334 2698 2498 2742 vera
2534 2681 2769 2743 statim

532 2772 917 2837 immittunt
961 2774 1030 2838 in
1076 2775 1341 2838 vitam:
1404 2791 1563 2836 nam
1600 2772 1923 2836 Divinum
1969 2791 2203 2834 verum
2241 2789 2396 2835 cum
2451 2771 2528 2836 fit
2583 2774 2772 2840 vitae

534 2863 613 2929 fit
647 2866 925 2942 bonum,
963 2866 1041 2933 fit
1088 2869 1272 2931 enim
1304 2866 1688 2931 voluntatis
1732 2877 1804 2930 et
1850 2868 2126 2940 amoriS,
2160 2875 2234 2930 et
2288 2865 2619 2949 quicquid.
2657 2877 2768 2930 est

531 2958 913 3024 voluntatis
942 2971 1015 3024 et
1048 2962 1321 3036 amoris,
1341 2961 1475 3026 hoc
1504 2961 1762 3025 bonum
1792 2961 2080 3025 dicitur:
2129 2959 2201 3025 hi
2232 2961 2388 3024 ideo
2415 2961 2770 3042 sapientes

531 3063 888 3129 vocantur,
928 3073 1088 3119 nam
1132 3057 1471 3138 sapientia
1530 3066 1641 3119 est
1699 3056 1907 3120 vitae.
1998 3053 2108 3119 Illi
2162 3063 2396 3118 autem
2431 3065 2770 3118 vocantur

531 3147 1029 3230 intelligentes,
1063 3151 1175 3233 qui
1215 3149 1464 3214 Divina
1494 3169 1661 3214 vera
1691 3169 1832 3213 non
1866 3149 2104 3212 statim
2138 3149 2525 3214 immittunt
2555 3150 2762 3222 vitae,

532 3241 655 3304 sed
692 3243 981 3324 primum
1020 3245 1413 3319 memoriae,
1442 3265 1481 3307 e
1524 3265 1659 3326 qua
1695 3244 1855 3307 dein
1899 3239 2192 3324 [verum]
2233 3243 2658 3325 depromitur
2691 3251 2766 3308 et

531 3337 897 3400 mandatur
923 3338 1128 3402 vitae.
1220 3335 1593 3418 Quomodo
1621 3348 1698 3404 et
1727 3345 2062 3420 quantum
2093 3336 2194 3400 illi
2229 3345 2306 3402 et
2341 3336 2411 3402 hi
2448 3335 2764 3403 differunt

530 3429 598 3492 in
627 3430 856 3506 caelis»,
883 3432 1099 3495 videri
1124 3441 1361 3514 potest
1390 3433 1458 3494 in
1490 3431 1786 3494 articulo
1811 3431 1924 3495 ubi
1943 3431 2173 3514 agitur
2197 3433 2286 3496 de
2316 3432 2584 3496 duobus
2608 3453 2764 3516 reg-

530 3525 635 3588 nis
664 3525 858 3600 caeli,
892 3526 1178 3590 caelesti
1216 3535 1287 3590 et
1317 3526 1654 3607 spirituali
1691 3523 1788 3608 (n.
1821 3524 2087 3608 20-28),
2123 3535 2198 3590 et
2227 3527 2298 3590 in
2328 3527 2624 3592 articulo
2653 3527 2765 3590 ubi

528 3620 756 3699 agitur
784 3619 871 3683 de
898 3619 1115 3684 tribus
1140 3619 1347 3684 caelis
1376 3617 1472 3703 (n.
1500 3619 1763 3702 29-40).
1855 3619 1964 3685 Illi
1989 3621 2101 3702 qui
2131 3621 2201 3684 in
2233 3619 2518 3684 caelesti
2547 3639 2766 3701 regno

530 3711 809 3776 Domini
838 3723 1023 3787 sunt,
1059 3714 1343 3795 proinde
1374 3715 1488 3798 qui
1520 3717 1589 3778 in
1622 3715 1834 3779 tertio
1858 3734 1977 3777 seu
1997 3715 2238 3778 intimo
2263 3714 2479 3788 caelo,
2507 3733 2763 3778 vocan-

527 3814 638 3868 tur
660 3805 847 3886 justi,
888 3827 979 3870 ex
1026 3827 1113 3870 eo
1150 3809 1330 3890 quod
1371 3807 1541 3873 nihil
1572 3807 1886 3890 justitiae
1923 3810 2048 3872 sibi
2086 3810 2414 3883 tribuant,
2451 3808 2574 3872 sed
2612 3828 2762 3872 om·

528 3919 685 3962 nem
723 3899 1070 3979 Domino;
1110 3902 1379 3983 justitia
1416 3903 1695 3966 Domini
1728 3905 1796 3967 in
1829 3902 2030 3967 caelo
2058 3912 2170 3967 est
2206 3904 2464 3966 bonum
2501 3902 2684 3984 quod
2721 3921 2764 3966 a

526 3991 867 4072 Domino,
851 3993 971 4044 ·(¹¹¹‘)
1018 4015 1225 4078 quare
1250 3996 1349 4060 illi
1379 3996 1489 4062 hic
1520 3997 2012 4080 intelliguntur
2035 4015 2156 4078 per
2184 3994 2726 4078 “justificantes‚
2709 3994 2762 4032 ·”

626 4181 829 4254 Quare
864 4185 967 4253 qui
1008 4184 1068 4237 in
1098 4186 1227 4239 sola
1259 4184 1390 4240 luce
1420 4185 1631 4240 mundi
1653 4195 1816 4247 sunt,
1851 4199 1973 4242 non
2005 4183 2347 4258 percipiunt
2377 4183 2480 4240 illa
2507 4199 2663 4256 quae
2697 4185 2762 4240 in

526 4253 659 4309 luoe
674 4251 825 4308 caeli
849 4263 992 4308 sunt
1020 4259 1104 4322 (n.
1133 4254 1313 4322 3.108)

630 4321 815 4500 (Quod
836 4323 1165 4378 luxmundi
1182 4325 1413 4397 angelis
1435 4325 1515 4381 sit
1544 4323 2412 4398 caligo(n.15211783‚188o).

909 4431 991 4486 od
1022 4435 1304 4489 meritum
1337 4443 1403 4488 et
1434 4433 1673 4504 justitia
1704 4431 1952 4488 Domini
1989 4432 2070 4488 sit
2100 4433 2326 4488 bonum
2357 4431 2520 4503 quod
2551 4444 2761 4506 oegnat

528 4517 587 4556 m
610 4432 869 4559 οἴὲιοιι
830 4501 1074 4572 mmm
1094 4501 1301 4603 29⁸⁶st
1315 4451 1524 4634 99831)

630 4571 844 4644 Quod·
850 4575 1077 4644 justus
1150 4580 1246 4628 et·
1250 4573 1467 4645 ‘iustiti
1470 4573 1687 4630 catus”
1705 4575 1785 4630 sit
1809 4574 1906 4630 cui
1925 4573 2235 4630 addicatur
2257 4573 2533 4630 meritum
2553 4583 2617 4628 et
2641 4574 2762 4640 ius·
