3371 5304
634 653 759 720 3¹4
843 701 848 704 ,
1285 647 1388 698 DE
1432 605 1689 698 camo
1726 647 1823 700 m·
1870 646 2231 700 mrsano.

629 828 788 884 runt
833 837 990 884 cum
1033 819 1376 901 proximo.
1465 816 1606 883 Sed
1649 817 1721 882 hi
1778 825 1853 882 et
1898 817 2001 881 illi
2044 816 2243 900 pauci
2289 823 2452 880 sunt
2498 812 2875 898 respective

627 913 716 978 ad
753 912 914 976 illos
943 913 1056 996 qui
1091 914 1160 977 in
1197 913 1456 978 mundo
1485 913 1843 995 spirituum
1876 921 2224 988 tenentur,
2258 931 2337 976 ac
2376 911 2471 976 ibi
2500 912 2875 984 secundum

627 1009 938 1074 ordinem
961 1009 1284 1074 Divinum
1310 1017 1806 1092 praeparantur
1828 1008 1917 1072 ad
1948 1008 2237 1083 caelum,
2266 1008 2375 1072 vel
2402 1008 2493 1072 ad
2524 1008 2873 1074 infernum.

752 1116 954 1186 492.
1020 1103 1226 1186 Quod
1260 1106 1548 1185 primum
1581 1113 1845 1170 statum
1876 1102 2157 1178 attinet,
2184 1104 2297 1185 qui
2332 1113 2443 1168 est
2482 1113 2711 1170 status
2748 1123 2871 1166 ex-

625 1200 976 1274 teriorum,
1017 1200 1084 1264 in
1123 1199 1312 1264 illum
1351 1201 1542 1264 venit
1579 1199 1793 1265 homo
1823 1200 2065 1263 statim
2100 1209 2259 1278 post
2286 1207 2609 1264 mortem.
2698 1197 2871 1264 Sunt

626 1293 839 1358 cuivis
869 1293 1132 1360 homini
1163 1294 1390 1376 quoad
1427 1295 1742 1378 spiritum
1779 1311 1973 1359 suum
2006 1294 2357 1358 exteriora
2394 1301 2469 1358 et
2504 1293 2870 1360 interiora:

625 1389 977 1454 exteriora
1021 1389 1300 1470 spiritus
1337 1399 1522 1462 sunt,
1564 1409 1684 1471 per
1728 1408 1903 1470 quae
1941 1387 2059 1452 ille
2106 1388 2593 1454 accommodat
2627 1407 2871 1472 corpus

623 1482 919 1548 hominis
953 1484 1022 1547 in
1057 1485 1334 1558 mundo,
1367 1485 1699 1567 imprimis
1731 1482 1873 1564 ejus
1904 1483 2167 1556 faciem,
2204 1482 2571 1566 loquelam,
2606 1493 2681 1546 et
2710 1503 2871 1566 ges-

625 1589 759 1652 tus,
793 1579 881 1641 ad
918 1579 1508 1643 consociationem
1541 1599 1695 1644 cum
1728 1578 1879 1642 aliis
1906 1599 1922 1656 3
1970 1578 2298 1643 interiora
2326 1589 2559 1643 autem
2592 1577 2870 1662 spiritus

625 1683 807 1750 sunt,
847 1694 1023 1756 quae
1081 1673 1224 1756 ejus
1269 1675 1584 1755 propriae
1631 1673 2017 1738 voluntatis
2072 1683 2145 1740 et
2205 1673 2364 1736 inde
2418 1675 2869 1755 cogitationis

623 1779 808 1846 sunt,
866 1789 1041 1852 quae
1089 1788 1254 1832 caro
1313 1769 1508 1843 facie,
1547 1768 1849 1850 loquela,
1904 1777 1978 1832 et
2038 1779 2245 1849 gestu
2304 1769 2829 1834 manifestantur
2850 1791 2869 1848 ;

620 1866 956 1929 assuescit
981 1864 1162 1926 enim
1194 1863 1405 1927 homo
1436 1864 1524 1927 ab
1555 1864 1841 1930 infantia
1864 1865 2261 1938 amicitiam,
2286 1865 2867 1940 benevolentiam,

621 1970 695 2024 et
727 1960 1197 2023 sinceritatem
1229 1958 1588 2041 praeferre,
1622 1969 1696 2023 et
1728 1979 1892 2022 suae
1924 1959 2234 2041 propriae
2265 1958 2646 2024 voluntatis
2679 1961 2867 2042 cogi·

622 2063 775 2119 tata
812 2054 1035 2118 celare
1067 2075 1082 2130 ;
1129 2054 1290 2117 inde
1329 2074 1420 2124 ex
1459 2053 1699 2118 habitu
1730 2053 1945 2117 trahit
1973 2053 2190 2117 vitam
2224 2054 2557 2118 moralem
2594 2063 2667 2118 et
2702 2055 2866 2119 civi-

621 2149 758 2214 lem
797 2151 864 2213 in
902 2149 1234 2223 externiS,
1269 2149 1762 2232 qualiscunque
1797 2150 1887 2212 sit
1927 2150 1995 2213 in
2033 2151 2341 2213 internis..
2432 2150 2547 2213 Ex
2584 2150 2707 2214 illo
2742 2151 2865 2214 ha-

621 2247 771 2310 bitu
801 2245 1068 2321 existit,
1105 2245 1286 2326 quod
1324 2243 1534 2308 homo
1571 2245 1692 2308 vix
1732 2244 1907 2307 sciat
1944 2263 2070 2308 sua
2104 2245 2452 2321 interiora,
2486 2256 2559 2310 et
2595 2267 2865 2330 quoque

621 2340 805 2425 quod
845 2359 984 2403 non
1025 2339 1538 2403 animadvertat
1576 2340 1666 2402 ad
1704 2339 1842 2404 illa.

745 2447 952 2517 493.
1013 2433 1274 2497 Primus
1313 2443 1539 2498 status
1576 2433 1874 2497 hominis
1920 2443 2080 2517 post
2127 2445 2422 2499 mortem
2470 2445 2579 2501 est
2626 2437 2864 2500 similis

620 2528 762 2610 ejus
800 2530 1014 2592 statui
1059 2529 1128 2591 in
1167 2529 1447 2604 mundo,
1489 2530 1644 2611 quia
1681 2539 1847 2593 tunc
1894 2530 1961 2592 in
2009 2531 2318 2594 externis
2356 2532 2673 2596 similiter
2708 2542 2859 2611 est;

619 2624 824 2688 simili
861 2625 1074 2689 etiam
1111 2625 1283 2688 facie
1321 2634 1472 2702 est;
1521 2623 1725 2689 simili
1765 2623 2059 2710 loquela,
2099 2635 2173 2689 et
2220 2627 2422 2691 simili
2469 2629 2723 2703 anim0,
2762 2628 2861 2693 ita

618 2717 823 2782 simili
845 2719 992 2783 vita
1015 2718 1256 2784 morali
1295 2728 1368 2781 et
1403 2718 1607 2782 civili.
1698 2719 1867 2782 Inde
1900 2730 2032 2793 est,
2060 2721 2245 2803 quod
2284 2721 2340 2783 is
2368 2728 2530 2785 tunc
2564 2742 2706 2787 non
2734 2722 2859 2786 ali-

619 2823 728 2876 ter
762 2812 958 2886 sciat,
999 2830 1202 2893 quam
1239 2812 1422 2894 quod
1459 2811 1684 2876 adhuc
1732 2814 1799 2875 in
1836 2814 2097 2876 mundo
2131 2814 2243 2889 sit,
2282 2816 2339 2878 si
2384 2835 2522 2879 non
2556 2816 2859 2886 advertit

617 2905 706 2969 ad
751 2905 872 2969 illa
914 2925 1088 2988 quae
1135 2906 1197 2968 ei
1241 2906 1446 2969 obvia
1489 2916 1672 2981 sunt,
1712 2915 1785 2969 et
1824 2907 1911 2969 ad
1958 2907 2077 2970 illa
2122 2928 2299 2990 quae
2340 2909 2405 2972 ei
2446 2908 2537 2973 ab
2570 2910 2856 2993 angelis,

617 3017 771 3063 cum
824 2998 1320 3073 exsuscitatum
1367 2996 1553 3063 dicta
1597 3009 1782 3074 sunt,
1830 3000 2013 3082 quod
2066 3020 2247 3065 nunc
2300 3003 2579 3083 spiritus
2623 3006 2711 3067 sit
2760 3003 2859 3085 (n.

613 3090 796 3175 450).
878 3092 991 3155 Ita
1028 3092 1471 3157 continuatur
1508 3112 1642 3155 una
1679 3094 1826 3157 vita
1860 3094 1929 3157 in
1964 3092 2282 3171 alteram,
2314 3115 2395 3159 ac
2430 3115 2611 3161 mors
2648 3098 2860 3161 modo

615 3196 727 3253 est
758 3187 1112 3253 transitus.
2228 3206 2233 3211 ’

741 3294 952 3365 494.
1011 3278 1190 3361 Quia
1225 3282 1503 3363 spiritus
1523 3282 1823 3348 hominis
1854 3304 2094 3348 recens
2126 3294 2287 3368 post
2312 3286 2527 3351 vitam
2560 3288 2626 3350 in
2658 3308 2856 3352 mun-

615 3376 707 3445 do
733 3375 894 3439 talis
925 3386 1058 3452 est,
1086 3377 1242 3439 ideo
1268 3387 1432 3441 tunc
1459 3379 1905 3460 cognoscitur
1928 3379 2017 3443 ab
2040 3382 2295 3455 amicis,
2317 3390 2389 3444 et
2418 3383 2507 3445 ab
2528 3382 2663 3447 illis
2686 3404 2857 3467 quos

615 3473 684 3535 in
747 3470 1004 3534 mundo
1049 3482 1258 3535 notos
1306 3470 1571 3547 habuit,
1611 3473 1680 3537 id
1742 3475 1923 3539 enim
1970 3476 2250 3559 spiritus
2296 3478 2673 3559 percipiunt
2714 3499 2857 3545 non

615 3566 826 3629 modo
873 3584 914 3627 a
959 3564 1128 3629 facie
1173 3576 1248 3631 et
1296 3567 1571 3649 loquela
1615 3567 1781 3650 eiua,
1822 3570 1947 3633 sed
1992 3571 2203 3636 etiam
2250 3590 2291 3635 a
2335 3572 2629 3655 sphaera
2674 3575 2857 3639 vitae

615 3660 756 3741 ejus
793 3679 948 3723 cum
985 3663 1499 3743 approximant.
1588 3663 2073 3747 Unusquisque
2118 3666 2189 3729 in
2225 3664 2447 3733 altera
2484 3668 2650 3743 vita,
2688 3670 2855 3735 dum

615 3756 883 3837 cogitat
921 3755 1008 3822 de
1045 3756 1290 3832 altero,
1329 3759 1542 3823 etiam
1579 3759 1767 3823 sistit
1804 3758 1932 3825 sibi
1968 3757 2111 3840 ejus
2142 3760 2384 3825 faciem
2422 3763 2489 3825 in
2528 3765 2855 3846 cogitati·

612 3871 767 3927 one,
802 3859 874 3915 et
914 3852 1114 3917 simul
1152 3852 1346 3935 plura
1377 3874 1552 3936 quae
1583 3853 1727 3936 ejus
1752 3856 1937 3922 vitae
1968 3868 2171 3934 sunt;
2214 3865 2285 3923 et
2316 3876 2471 3923 cum
2504 3860 2635 3924 hoc
2666 3860 2855 3937 facit,

611 3945 791 4012 alter
827 3945 904 4012 fit
951 3968 1279 4029 praesens
1317 3950 1496 4013 sicut
1533 3951 1839 4015 adscitus
1884 3961 1957 4015 et
2000 3962 2311 4019 vocatus.
2400 3953 2573 4019 Tale
2610 3958 2855 4027 existit

610 4043 678 4104 in
717 4042 975 4108 mundo
1013 4043 1350 4124 spirituali
1395 4065 1492 4109 ex
1535 4066 1642 4121 eo,
1683 4046 1866 4129 quod
1905 4050 2499 4115 communicentur
2534 4050 2625 4115 ibi
2660 4055 2854 4136 cogi-

609 4138 936 4211 tationes,
969 4146 1040 4201 et
1077 4139 1260 4220 quod
1296 4140 1387 4205 ibi
1415 4142 1642 4224 spatia
1674 4160 1811 4205 non
1842 4142 1980 4206 sint
2012 4142 2238 4227 qualia
2270 4144 2337 4207 in
2364 4147 2620 4210 mundo
2650 4158 2855 4213 natu·

607 4230 733 4295 rali
783 4229 1128 4314 (videatur
1173 4255 1397 4317 supra,
1437 4256 1502 4299 n.
1551 4234 1890 4318 191-199).
1980 4236 2151 4301 Inde
2197 4246 2327 4311 est,
2366 4241 2549 4323 quod
2586 4262 2853 4319 omnes,

609 4326 772 4391 dum
805 4328 1094 4407 primum
1126 4330 1194 4396 in
1228 4330 1518 4396 alteram
1551 4332 1767 4395 vitam
1798 4332 2105 4407 veniunt,
2142 4345 2606 4413 agnoscantur
2638 4357 2681 4403 a
2718 4339 2857 4403 suis

609 4421 867 4497 amicis,
908 4426 1254 4503 cognatiS,
1295 4434 1368 4488 et
1426 4425 1656 4508 aliquo
1696 4426 1905 4491 modo
1964 4426 2169 4502 notis,
2219 4439 2293 4493 et
2348 4450 2617 4515 quoque
2670 4434 2853 4516 quod

609 4514 978 4597 loquantur
1013 4518 1193 4582 inter
1229 4539 1325 4595 se,
1367 4540 1446 4584 ac
1485 4520 1646 4585 dein
1681 4522 2173 4587 consociantur
2208 4527 2581 4593 secundum
2618 4530 2853 4593 amici-

609 4609 741 4673 tias
787 4610 858 4673 in
903 4612 1181 4677 munde.
1269 4613 1532 4679 Audivi
1567 4614 1843 4699 pluries,
1883 4617 2065 4699 quod
2112 4616 2233 4695 illi,
2274 4621 2389 4703 qui
2430 4632 2769 4688 venerunt
2812 4646 2851 4688 e
