3371 5304
464 607 579 669 268
1108 618 1211 669 ΒΕ
1244 617 1497 669 CAELO
1542 618 1639 669 ΕΤ
1682 617 2046 670 INFERNO.

1432 994 1714 1079 [XLV]

464 1176 685 1261 Quon
744 1190 1269 1255 unusomsouss
1314 1176 1557 1241 Hono
1598 1190 1718 1243 sn·
1761 1174 2110 1243 snm-rus
2153 1188 2420 1257 Quoan
2463 1179 2682 1243 INTE-

376 1274 395 1297 ·
1346 1284 1589 1336 mom
1634 1284 1800 1337 sua,

581 1468 777 1539 432.
836 1452 975 1537 Qui
1035 1454 1167 1520 rite
1231 1454 1590 1537 expendit,
1640 1474 1848 1521 nosse
1909 1463 2147 1538 potest
2203 1456 2388 1538 quod
2446 1474 2683 1537 corpus

464 1570 599 1614 non
636 1550 925 1632 cogitet,
963 1550 1123 1633 quia
1164 1560 1275 1615 est
1320 1548 1698 1625 materiale,
1737 1552 1859 1615 sed
1905 1551 2087 1633 quod
2127 1552 2356 1613 anima
2389 1550 2547 1633 quia
2581 1560 2684 1613 est

464 1643 848 1727 spiritualis.
936 1644 1195 1709 Anima
1222 1644 1540 1719 hominis,
1576 1646 1663 1709 de
1697 1644 1882 1727 cujus
1912 1645 2434 1709 immortalitate
2467 1644 2686 1727 plures

462 1739 901 1821 scripserunt,
948 1748 1059 1803 est
1116 1740 1391 1822 spiritus
1456 1738 1640 1820 ejus;
1705 1740 1814 1804 hic
1875 1741 2056 1803 enim
2121 1739 2526 1805 immortalis
2582 1748 2688 1803 est

464 1834 685 1917 quoad
724 1834 954 1897 omnia
989 1854 1153 1912 sua3
1203 1833 1312 1897 hic
1350 1854 1618 1916 quoque
1656 1844 1766 1899 est
1803 1834 1914 1918 qui
1951 1834 2222 1916 cogitat
2258 1835 2326 1898 in
2361 1854 2688 1916 corpore3

462 1947 619 1992 nam
690 1928 1063 2009 spiritualis
1128 1938 1260 2004 est,
1320 1938 1395 1993 et
1457 1928 1812 2010 spirituale
1875 1929 2121 2011 recipit
2179 1928 2550 2011 spirituale,
2610 1948 2690 1992 ac

462 2022 909 2105 spiritualiter
945 2023 1133 2097 vivit,
1175 2023 1359 2104 quod
1396 2032 1505 2087 est
1541 2024 1852 2105 cogitare
1889 2032 1962 2086 et
1998 2021 2198 2087 velle.
2287 2020 2530 2087 Omnis
2559 2022 2690 2086 ita-

463 2137 593 2199 que
638 2117 785 2181 vita
826 2115 1205 2192 rationalis,
1244 2136 1419 2198 quae
1462 2127 1752 2199 apparet
1795 2117 1864 2180 in
1910 2136 2218 2197 corpore,
2259 2116 2400 2197 ejus
2443 2126 2576 2191 est,
2615 2125 2690 2181 et

463 2210 632 2275 nihil
670 2213 1015 2293 corporis:
1064 2230 1313 2292 corpus
1342 2212 1547 2286 enim,
1595 2221 1671 2275 ut
1709 2231 1914 2293 supra
1949 2208 2227 2286 dietum,
2267 2222 2372 2275 est
2415 2211 2693 2275 materi-

464 2306 595 2379 ale,
633 2325 711 2369 ac
760 2305 1140 2381 materiale,
1180 2305 1363 2387 quod
1406 2314 1515 2369 est
1558 2306 1904 2387 proprium
1947 2307 2276 2387 corporis,
2315 2315 2424 2370 est
2467 2305 2694 2387 adjec-

464 2409 613 2463 tum
650 2409 723 2463 et
760 2420 979 2481 paene
1015 2400 1188 2463 sicut
1226 2396 1619 2481 adjunctum
1664 2399 1950 2482 spiritui,
1989 2401 2080 2465 ob
2115 2419 2394 2465 causam
2439 2409 2514 2465 ut
2557 2402 2694 2481 spi-

464 2495 633 2557 ritus
670 2494 966 2558 hominis
1003 2494 1220 2576 possit
1258 2512 1467 2575 agere
1502 2495 1720 2557 vitam
1757 2504 1830 2559 et
1859 2513 2070 2575 agere
2107 2514 2264 2559 usus
2297 2496 2362 2558 in
2403 2494 2695 2559 naturali

466 2590 743 2666 mundo,
802 2587 989 2671 cujus
1040 2588 1273 2651 omnia
1328 2598 1487 2654 sunt
1548 2589 1930 2654 materialia
1987 2608 2069 2654 ac
2121 2590 2192 2654 in
2247 2609 2323 2652 se
2376 2590 2696 2672 expertia

468 2686 676 2748 vitae.
765 2684 863 2747 Et
898 2684 1056 2765 quia
1100 2682 1453 2748 materiale
1498 2702 1635 2748 non
1672 2683 1865 2758 vivit,
1905 2684 2028 2748 sed
2073 2684 2282 2750 modo
2325 2683 2696 2766 spirituale,

468 2790 787 2844 constare
832 2787 1089 2860 potest,
1135 2779 1319 2860 quod
1377 2779 1698 2861 quicquid
1742 2779 1910 2842 vivit
1959 2779 2140 2860 apud
2197 2779 2568 2853 hominem,
2607 2779 2698 2842 sit

468 2874 610 2955 ejus
654 2874 951 2954 spiritus,
1000 2882 1073 2936 et
1129 2873 1310 2954 quod
1358 2892 1605 2954 corpus
1652 2873 1862 2936 modo
1907 2873 2234 2938 inserviat
2293 2874 2378 2948 ei,
2427 2891 2698 2956 prorsus

470 2970 645 3033 sicut
690 2966 1213 3031 instrumentale
1250 2967 1315 3030 vi
1354 2968 1667 3030 moventi
1703 2968 1937 3032 vivae:
2001 2968 2249 3032 dicitur
2292 2969 2570 3050 quidem
2613 2967 2700 3032 de

469 3064 951 3136 instrumento,
990 3061 1173 3142 quod
1216 3069 1407 3142 agat,
1446 3070 1746 3136 moveat,
1786 3071 1904 3126 aut
1949 3061 2190 3139 feriat;
2255 3062 2377 3125 sed
2423 3061 2700 3126 credere

470 3157 652 3240 quod
700 3156 791 3220 sit
836 3155 1295 3230 instrumenti,
1336 3164 1408 3219 et
1453 3175 1591 3220 non
1636 3155 1782 3238 ejus
1825 3157 1938 3239 qui
1984 3176 2104 3238 per
2147 3156 2214 3220 id
2259 3156 2427 3238 agit,
2467 3163 2702 3220 movet

470 3261 589 3316 aut
624 3251 801 3325 ferit,
840 3248 1109 3313 fallacia
1146 3257 1273 3312 est.

596 3359 799 3427 433.
858 3341 1201 3425 Quoniam
1232 3361 1438 3408 omne
1468 3344 1651 3426 quod
1683 3343 1855 3408 vivit
1892 3344 1960 3408 in
1991 3363 2299 3426 corpore,
2331 3353 2405 3409 et
2435 3365 2526 3408 ex
2556 3345 2704 3410 vita

474 3440 615 3520 agit
656 3449 727 3502 et
774 3439 1011 3510 sentit,
1050 3438 1247 3502 unice
1293 3447 1403 3502 est
1448 3439 1748 3519 spiritus,
1787 3448 1861 3502 et
1905 3438 2071 3502 nihil
2115 3438 2441 3520 corporis,
2479 3440 2702 3521 sequi·

474 3545 583 3596 tur
628 3533 807 3615 quod
862 3532 1138 3614 spiritus
1182 3533 1273 3596 sit
1320 3532 1464 3614 ipse
1522 3533 1770 3610 homo;
1836 3553 1958 3596 seu
2001 3533 2186 3615 quod
2229 3533 2474 3607 simile,
2520 3533 2704 3615 quod

474 3627 681 3692 homo
704 3629 773 3690 in
804 3647 879 3690 se
908 3623 1253 3709 spectatus
1278 3627 1367 3689 sit
1400 3627 1694 3708 spiritus,
1723 3636 1796 3690 et
1821 3646 2088 3710 quoque
2119 3627 2188 3690 in
2219 3627 2420 3690 simili
2443 3626 2704 3690 format

476 3741 633 3786 nam
664 3722 979 3804 quicquid
1010 3721 1178 3784 vivit
1214 3730 1287 3785 et
1324 3721 1542 3785 sentit
1571 3721 1642 3784 in
1674 3721 1951 3785 homine
1981 3730 2090 3786 est
2125 3720 2270 3803 ejus
2303 3721 2600 3804 spiritus,
2633 3730 2707 3786 et

476 3816 641 3880 nihil
679 3835 815 3880 non
861 3817 929 3878 in
975 3814 1250 3878 homine
1288 3834 1329 3877 a
1366 3815 1597 3895 capite
1640 3815 1730 3878 ad
1774 3813 2086 3906 plantam
2129 3816 2326 3898 pedis
2359 3815 2506 3896 ejus
2541 3817 2707 3879 vivit

476 3920 549 3974 et
592 3911 853 3990 sentit;
920 3909 1077 3974 inde
1123 3919 1255 3985 est,
1292 3909 1497 3992 quod,
1538 3927 1694 3974 cum
1739 3920 2095 3992 separatur
2139 3929 2388 3993 corpus
2431 3911 2524 3974 ab
2566 3908 2708 3992 ejus

478 4005 739 4086 spiritu,
778 4004 960 4087 quod
1008 4004 1253 4066 dicitur
1300 4004 1491 4078 mori,
1538 4003 1748 4068 homo
1785 4013 2063 4068 maneat
2109 4025 2320 4086 usque
2364 4004 2596 4082 homo,
2636 4020 2708 4072 et

479 4101 687 4163 vivat.
774 4098 1030 4162 Audivi
1073 4118 1111 4160 e
1156 4097 1375 4174 caelo,
1413 4098 1596 4179 quod
1640 4099 1917 4181 quidam
1955 4098 2068 4180 qui
2115 4100 2514 4175 moriuntur,
2553 4119 2706 4164 cum

478 4195 706 4274 jacent
752 4213 953 4276 super
995 4192 1187 4257 ferali
1233 4212 1491 4266 mensa,
1542 4203 1918 4275 antequam
1959 4193 2354 4257 resuscitati
2412 4202 2596 4270 sunt,
2641 4194 2708 4260 in

480 4309 601 4351 suo
632 4289 876 4369 frigido
914 4307 1196 4370 corpore
1234 4287 1443 4350 etiam
1476 4287 1812 4367 cogitent,
1849 4306 1975 4350 nec
2013 4287 2240 4350 sciant
2274 4286 2477 4352 aliter
2506 4305 2708 4370 quam

480 4383 662 4465 quod
698 4382 919 4444 adhuc
958 4382 1215 4456 vivant,
1256 4379 1379 4444 sed
1419 4398 1570 4442 cum
1610 4379 2013 4456 differentia,
2051 4382 2238 4463 quod
2271 4401 2407 4443 non
2446 4382 2708 4463 possint

482 4475 777 4558 aliquam
815 4472 1221 4558 particulam
1257 4474 1705 4551 materialem,
1739 4495 1910 4558 quae
1941 4475 2215 4557 propria
2245 4475 2548 4560 corporis
2579 4484 2708 4550 est,

484 4589 781 4634 movere.
