3371 5304
840 622 1065 674 HOMO
1110 621 1293 675 POST
1340 620 1669 675 nonum
1715 622 1852 675 EST
1899 622 1980 675 IN
2027 621 2226 675 oum
2273 622 2526 675 SENSU.
2703 609 2830 690 289

587 792 893 857 essentia
938 812 1077 856 non
1122 800 1282 857 sunt
1326 792 1690 869 naturalia,
1725 792 1847 858 sed
1893 792 2298 876 spiritualia,
2339 801 2540 876 prout
2587 802 2824 856 osten-

588 906 738 950 sum
754 888 1071 952 videatur
1093 889 1159 951 in
1183 888 1477 952 articulo
1500 889 1587 952 de
1613 888 2256 969 Repraesentativis
2279 897 2350 951 et
2376 886 2824 969 Apparentiis

586 984 654 1047 in
687 981 901 1046 Caelo
928 980 1023 1066 (n.
1059 981 1397 1065 170—176).
1486 982 1625 1047 Sed
1648 984 1978 1047 memoria
2001 993 2295 1047 externa
2325 1002 2444 1046 seu
2469 982 2822 1057 naturalis,

586 1088 921 1159 quantum
957 1076 1045 1141 ad
1082 1077 1201 1140 illa
1236 1078 1403 1142 inibi
1434 1097 1609 1158 quae
1640 1077 1928 1141 trahunt
1965 1096 2005 1141 a
2041 1078 2404 1152 materiali,
2437 1096 2614 1159 eque
2643 1086 2822 1141 tem-

586 1192 750 1253 pore
786 1183 861 1237 et
918 1173 1169 1255 spatio,
1202 1180 1275 1235 et
1331 1192 1376 1236 a
1428 1172 1706 1255 reliquis
1765 1192 1940 1255 quae
1986 1174 2258 1256 propria
2305 1182 2591 1236 naturae
2635 1180 2821 1246 sunt,

586 1287 721 1331 non
758 1268 1041 1331 inservit
1080 1266 1344 1349 spiritui
1381 1286 1507 1349 pro
1548 1266 1671 1331 illo
1717 1287 1841 1330 usu
1885 1268 1954 1331 in
1998 1287 2134 1350 quo
2169 1268 2618 1331 inserviverat
2657 1268 2716 1329 ei
2754 1268 2821 1329 in

586 1363 861 1439 mundo,
888 1363 1212 1446 quoniam
1235 1361 1447 1426 homo
1476 1362 1545 1425 in
1570 1358 1850 1437 munde,
1880 1381 2034 1426 cum
2061 1383 2151 1425 ex
2178 1362 2473 1425 sensuali
2499 1371 2817 1437 extern0,

583 1468 655 1521 et
694 1477 829 1522 non
870 1457 1071 1522 simul
1117 1477 1207 1520 ex
1247 1458 1545 1521 sensuali
1584 1458 1859 1521 interno
1895 1476 2016 1520 seu
2061 1454 2509 1521 intellectuali
2555 1459 2820 1539 cogita-

584 1554 705 1626 vit,
747 1552 1152 1617 naturaliter
1188 1561 1261 1615 et
1308 1571 1446 1615 non
1486 1551 1933 1635 spiritualiter
1969 1552 2308 1633 cogitavit
2345 1572 2360 1630 ;
2423 1559 2495 1615 at
2541 1572 2707 1616 vero
2751 1554 2818 1616 in

584 1647 803 1711 altera
862 1650 1029 1724 vita,
1090 1648 1253 1710 dum
1312 1648 1591 1729 spiritus
1647 1655 1758 1710 est
1819 1648 1887 1709 in
1947 1646 2204 1710 mundo
2263 1646 2618 1727 spirituali,
2680 1666 2817 1712 non

582 1743 849 1825 cogitat
880 1742 1283 1807 naturaliter
1312 1742 1434 1805 sed
1466 1740 1934 1824 spiritualiter.
2024 1739 2480 1822 Spiritualiter
2511 1743 2821 1823 cogitare

581 1847 689 1902 est
720 1835 1275 1902 intellectualiter
1299 1857 1419 1900 seu
1442 1832 1899 1900 rationaliter.
1991 1836 2161 1899 Inde
2187 1845 2318 1911 est,
2347 1836 2528 1918 quod
2555 1855 2816 1900 memo·

580 1934 677 1995 ria
712 1942 1009 1997 externa
1046 1952 1167 1995 seu
1213 1930 1539 1996 naturalis
1570 1931 1797 2014 quoad
1845 1931 1962 1994 illa
1999 1950 2172 2013 quae
2212 1930 2596 1994 materialia
2631 1942 2814 2008 sunt,

582 2038 743 2091 tunc
791 2028 1124 2111 quiescat,
1165 2036 1239 2091 et
1283 2027 1494 2090 modo
1536 2028 1603 2091 in
1654 2044 1849 2091 usum
1894 2027 2178 2090 veniant
2223 2046 2399 2109 quae
2443 2027 2654 2091 homo
2699 2048 2818 2110 per

580 2122 699 2185 illa
744 2124 809 2185 in
856 2122 1115 2185 mundo
1148 2122 1401 2196 hausit,
1443 2131 1515 2185 et
1560 2120 1930 2185 rationalia
1974 2122 2156 2185 fecit.
2247 2120 2451 2203 Quod
2491 2126 2819 2189 memoria

579 2228 872 2282 externa
926 2217 1154 2299 quoad
1218 2216 1338 2280 illa
1396 2236 1571 2299 quae
1628 2215 2016 2280 materialia
2073 2225 2256 2288 sunt,
2317 2218 2648 2299 quiescat,
2708 2230 2817 2285 est

578 2332 807 2387 causa,
846 2314 1005 2394 quia
1050 2330 1188 2376 non
1220 2313 1579 2394 reproduci
1617 2320 1952 2393 possunt3
2001 2312 2367 2394 loquuntur
2403 2314 2584 2377 enim
2620 2316 2813 2395 spiri·

578 2418 689 2472 tus
725 2418 797 2472 et
836 2405 1068 2489 angeli
1104 2428 1197 2471 ex
1232 2404 1706 2473 affectionibus
1750 2416 1824 2471 et
1869 2407 2026 2471 inde
2064 2408 2605 2490 cogitationibus
2642 2430 2816 2493 quae

578 2506 831 2569 mentis
854 2522 1089 2567 eorum
1114 2511 1272 2566 sunt
1298 2524 1315 2581 ;
1362 2511 1782 2586 quapropter
1810 2522 1891 2567 ea
1922 2522 2097 2587 quae
2127 2522 2265 2567 non
2291 2504 2630 2586 quadrant
2662 2526 2814 2571 cum

577 2599 731 2674 illis,
766 2618 904 2664 non
938 2598 1164 2682 eloqui
1196 2609 1509 2682 possunt,
1538 2607 1613 2664 ut
1646 2608 1971 2665 constare
2003 2606 2239 2682 potest
2272 2620 2362 2665 ex
2394 2600 2496 2678 iis,
2523 2621 2697 2685 quae
2727 2604 2812 2668 de

577 2695 849 2779 loquela
885 2695 1288 2776 angelorum
1328 2697 1394 2758 in
1432 2694 1650 2770 caelo,
1694 2704 1765 2759 et
1802 2697 1888 2759 de
1927 2695 2200 2779 loquela
2231 2715 2463 2760 eorum
2496 2717 2650 2761 cum
2687 2699 2812 2764 ho-

578 2793 757 2854 mine
804 2789 901 2874 (n.
950 2789 1299 2872 234-257),
1349 2787 1531 2854 dieta
1578 2800 1762 2854 sunt.
1852 2790 2024 2855 Inde
2069 2799 2202 2865 est,
2252 2790 2434 2874 quod
2481 2800 2818 2875 quantum

573 2889 785 2954 homo
820 2905 943 2970 per
978 2886 1251 2968 linguas
1296 2894 1370 2951 et
1416 2907 1537 2970 per
1572 2889 1899 2953 scientias
1934 2887 2292 2952 rationalis
2329 2885 2546 2954 faetus
2591 2901 2699 2955 est
2744 2891 2812 2954 in

574 2983 852 3058 munde,
886 2992 1163 3048 tantum
1193 2983 1545 3046 rationalis
1584 2983 1674 3048 sit
1713 2992 1873 3066 post
1905 2993 2222 3056 mortem,
2258 2991 2330 3046 et
2367 3003 2641 3066 prorsus
2674 3005 2811 3049 non

574 3089 907 3160 quantum
952 3078 1223 3159 linguas
1270 3086 1342 3141 et
1389 3079 1716 3142 scientias
1761 3076 2020 3142 calluit.
2109 3077 2416 3142 Locutus
2462 3097 2610 3142 sum
2657 3099 2811 3144 cum

574 3172 900 3255 pluribus,
940 3193 1111 3256 quos
1156 3173 1223 3236 in
1270 3173 1529 3236 mundo
1574 3173 2011 3237 crediderunt
2055 3173 2198 3237 sore
2245 3174 2547 3238 eruditos
2592 3195 2682 3238 ex
2727 3197 2811 3239 eo

572 3269 755 3352 quod
794 3269 1115 3332 noverint
1159 3267 1429 3350 linguas
1464 3276 1802 3342 vetustaS,
1843 3277 1918 3332 ut
1967 3267 2406 3345 Hebraicam,
2447 3267 2807 3344 Graecam,

572 3373 643 3426 et
690 3361 1036 3436 Latinam,
1079 3373 1153 3428 et
1196 3382 1335 3426 non
1380 3362 1717 3427 rationale
1763 3382 1958 3426 suum
2005 3383 2126 3444 per
2161 3363 2301 3439 illa,
2342 3384 2516 3446 quae
2563 3365 2629 3428 in
2677 3365 2811 3429 illis

570 3459 825 3541 scripta
861 3467 1045 3534 sunt,
1086 3456 1586 3536 excoluerunt;
1631 3467 1706 3522 et
1741 3459 1865 3522 visi
1902 3467 2062 3522 sunt
2099 3458 2376 3540 quidam
2416 3459 2513 3524 ita
2550 3461 2809 3544 simpli-

571 3573 686 3617 ces
731 3555 907 3617 sicut
952 3553 1053 3617 illi
1105 3553 1218 3636 qui
1266 3553 1434 3616 nihil
1492 3553 1579 3617 de
1640 3553 1890 3635 linguis
1949 3552 2082 3616 illis
2129 3563 2492 3631 noverunt,
2532 3556 2807 3638 quidam

570 3648 843 3730 stupidi,
894 3649 1017 3712 sed
1072 3669 1287 3731 usque
1332 3649 1587 3712 mansit
1633 3648 1816 3730 apud
1873 3647 2029 3712 illos
2073 3647 2310 3726 fastus,
2359 3651 2535 3713 sicut
2581 3649 2806 3715 forent

568 3743 719 3806 aliis
756 3743 1232 3824 sapientiores,
1322 3743 1631 3807 Locutus
1678 3763 1828 3806 sum
1874 3743 2299 3826 quibusdam,
2340 3745 2451 3826 qui
2498 3745 2806 3809 credide-

570 3848 727 3902 runt
756 3839 824 3901 in
852 3839 1128 3914 mund0,
1158 3837 1339 3921 quod
1370 3839 1581 3903 homo
1613 3848 1887 3902 tanturn
1915 3839 2157 3920 sapiat,
2187 3849 2516 3922 quantum
2543 3859 2804 3904 memo-

568 3933 666 3997 ria
704 3943 924 4009 tenet,
959 3943 1033 3998 et
1072 3935 1185 4016 qui
1224 3934 1433 3997 etiam
1471 3933 1706 3997 multis
1746 3932 2343 4014 locupletaverunt
2383 3935 2804 4012 memoriam,

568 4039 641 4092 et
685 4049 777 4092 ex
822 4029 944 4092 illa
986 4029 1137 4092 sola
1178 4049 1401 4112 paene
1446 4028 1661 4092 locuti
1699 4037 1881 4104 sunt,
1921 4029 2019 4092 ita
2065 4049 2202 4092 non
2250 4049 2340 4093 ex
2400 4049 2475 4096 se
2534 4031 2655 4094 sed
2714 4051 2806 4096 ex

568 4124 739 4197 aliis,
800 4133 873 4188 et
941 4123 1107 4187 nihil
1164 4123 1505 4189 rationale
1570 4145 1692 4206 per
1753 4143 1865 4187 res
1925 4125 2296 4188 memoriae
2354 4124 2804 4205 perfecerunt.

570 4219 865 4304 Quidam
912 4239 1005 4285 ex
1051 4220 1185 4284 illis
1230 4229 1426 4285 erant
1466 4221 1742 4304 stupidi,
1784 4221 2060 4303 quidam
2095 4221 2286 4296 fatui,
2326 4241 2600 4304 prorsus
2638 4222 2804 4288 nihil

568 4315 1241 4398 comprehendentes
1280 4315 1556 4398 aliquod
1593 4334 1852 4391 verum,
1894 4335 2054 4379 num
2090 4335 2326 4380 verum
2364 4319 2456 4381 sit
2491 4316 2602 4382 vel
2643 4337 2801 4394 non,

568 4421 639 4476 et
683 4411 1090 4492 arripientes
1127 4411 1357 4475 omnia
1390 4408 1583 4486 falsa,
1624 4429 1797 4493 quae
1844 4429 1968 4492 pro
2012 4411 2190 4474 veris
2229 4412 2674 4477 venditantur
2717 4413 2805 4478 ab

568 4506 701 4571 illis
736 4509 847 4589 qui
884 4525 961 4572 se
996 4505 1303 4570 eruditos
1338 4515 1641 4584 vocant;
1689 4504 1856 4568 nihil
1893 4505 2076 4569 enim
2112 4505 2344 4570 videre
2382 4514 2673 4589 possunt
2712 4529 2802 4572 ex

566 4621 666 4674 se,
708 4619 869 4665 num
904 4603 1005 4666 ita
1040 4601 1132 4666 sit
1168 4599 1280 4666 vel
1316 4620 1455 4666 non
1492 4601 1611 4674 ita,
1651 4600 1938 4682 proinde
1978 4599 2142 4664 nihil
2181 4599 2614 4666 rationaliter
2650 4621 2802 4667 cum
