3371 5304
1171 1043 1394 1140 DE
1525 1041 2368 1138 INFERNO.

1636 1573 1887 1658 [LV1.]

1075 1758 1304 1844 Quor>
1351 1759 1715 1826 Donamus
1761 1772 2019 1825 REGAT
2067 1759 2441 1824 INFERNA.

762 1943 972 2030 336·
1029 1943 1272 2026 Supra,
1313 1944 1427 2009 ubi
1465 1943 1553 2008 de
1589 1943 1789 2008 caelo
1824 1940 2056 2007 actum
2092 1951 2225 2018 est,
2268 1940 2487 2006 ubivis
2522 1950 2882 2006 ostensum

635 2050 746 2106 est
791 2041 976 2124 quod
1022 2039 1363 2106 Dominus
1409 2040 1499 2104 sit
1545 2037 1737 2102 Deus
1781 2038 1978 2112 caeli,
2024 2036 2124 2121 (in
2168 2038 2420 2120 specie,
2455 2057 2521 2101 n.
2554 2035 2735 2120 2-6,)
2784 2036 2884 2100 ita

636 2134 822 2219 quod
853 2155 1058 2200 omne
1085 2137 1391 2217 regimen
1418 2135 1768 2199 caelorum
1794 2136 1885 2198 sit
1919 2134 2237 2198 Domini:
2284 2143 2359 2198 et
2392 2133 2548 2217 quia
2579 2131 2739 2196 talis
2771 2141 2881 2195 est

637 2227 990 2312 respectus
1036 2229 1212 2294 caeli
1257 2230 1346 2294 ad
1391 2229 1753 2306 infernum,
1801 2248 1881 2294 ac
1926 2229 2169 2293 inferni
2213 2230 2304 2294 ad
2364 2227 2659 2302 caelum,
2706 2229 2882 2292 sicut

635 2325 817 2388 inter
851 2325 990 2389 duo
1021 2325 1367 2408 opposita,
1407 2345 1586 2408 quae
1621 2334 1873 2390 contra
1906 2345 1983 2389 se
2019 2333 2261 2389 mutuo
2297 2332 2540 2406 agunt,
2579 2343 2672 2387 ex
2711 2343 2882 2406 quo-

634 2439 783 2484 rum
843 2418 1118 2486 actione
1177 2430 1251 2486 et
1316 2418 1665 2486 reacitione
1716 2419 2011 2486 resultat
2060 2420 2555 2504 aequilibrium,
2618 2421 2685 2482 in
2746 2439 2881 2500 quo

634 2515 1016 2579 subsistant
1046 2516 1298 2591 omnia,
1331 2536 1540 2598 quare
1579 2527 1654 2582 ut
1685 2515 1916 2580 omnia
1954 2525 2027 2580 et
2064 2515 2337 2597 singula
2373 2515 2441 2579 in
2478 2514 2881 2596 aequilibrio

635 2620 1027 2688 teneantur,
1079 2630 1439 2676 necessum
1487 2621 1597 2677 est
1643 2621 1720 2675 ut
1780 2611 1892 2695 qui
1937 2611 2118 2693 regit
2164 2629 2373 2673 unum
2419 2609 2633 2675 etiam
2678 2618 2879 2692 regat

632 2706 971 2784 alterum3
1035 2725 1194 2770 nam
1243 2707 1372 2772 nisi
1423 2706 1606 2771 idem
1662 2706 1999 2771 Dominus
2044 2716 2399 2771 coerceret
2444 2705 2737 2769 insultus
2790 2706 2880 2768 ab

632 2802 928 2879 inferniS,
967 2813 1042 2867 et
1079 2814 1558 2884 compesceret
1595 2802 1899 2867 insanias
1935 2802 2049 2877 ibi,
2089 2802 2341 2884 periret
2378 2800 2875 2885 aequilibrium,

631 2906 706 2962 et
744 2916 900 2961 cum
937 2897 1338 2981 aequilibrio
1375 2907 1622 2963 totum.

757 3006 950 3083 33¹7·
1009 2992 1149 3057 Sed
1193 2994 1304 3059 hic
1367 2994 1656 3077 primum
1694 2993 1951 3077 aliquid
1996 2992 2085 3059 de
2142 2991 2545 3076 aequilibrio
2591 2991 2877 3057 dicetur.

633 3080 896 3153 Notiim
928 3098 1060 3163 est,
1096 3089 1278 3173 quod
1315 3108 1474 3154 cum
1503 3090 1643 3183 duo
1679 3100 1927 3153 contra
1956 3108 2033 3153 se
2070 3098 2311 3154 mutuo
2342 3097 2578 3171 agunt,
2610 3097 2684 3153 et
2722 3107 2875 3152 cum

631 3202 803 3247 unus
841 3194 1114 3249 tantum
1153 3186 1376 3267 reagit
1423 3205 1504 3251 ac
1542 3186 1803 3251 resistit
1842 3194 2176 3269 quantum
2214 3184 2393 3249 alter
2436 3185 2583 3265 agit
2629 3192 2705 3249 et
2748 3184 2875 3247 im·

633 3279 854 3361 pellit,
888 3281 1157 3363 utrique
1205 3279 1392 3346 nulla
1436 3282 1540 3345 vis
1585 3281 1699 3355 sit,
1736 3282 1895 3364 quia
1928 3280 2171 3344 similis
2207 3281 2523 3362 potentia
2560 3281 2877 3362 utrinque

631 3383 762 3449 est,
802 3384 876 3439 et
921 3375 1104 3459 quod
1142 3384 1307 3439 tunc
1345 3386 1632 3461 uterque
1671 3378 1892 3459 possit
1937 3396 1979 3441 a
2015 3376 2230 3440 tertio
2262 3376 2375 3458 agi
2412 3375 2499 3439 ad
2538 3374 2875 3452 lubitum;

633 3488 792 3533 nam
830 3470 1111 3552 quando
1143 3470 1336 3535 nulla
1371 3473 1476 3536 vis
1521 3472 1789 3536 duobus
1826 3480 1936 3536 est
1974 3492 2065 3535 ex
2106 3471 2374 3555 aequali
2412 3472 2873 3554 oppositione,

632 3568 734 3629 vis
779 3568 969 3631 tertii
1015 3570 1164 3650 agit
1218 3588 1446 3643 omne,
1487 3578 1561 3634 et
1619 3578 1767 3634 tam
1826 3570 2027 3633 facile
2070 3570 2247 3633 sicut
2292 3568 2482 3633 nulla
2526 3571 2876 3651 oppositio

628 3663 825 3728 soret.
916 3662 1090 3729 Tale
1135 3665 1604 3750 aequilibrium
1651 3673 1759 3728 est
1822 3665 2000 3729 inter
2050 3665 2380 3729 infernum
2434 3674 2507 3728 et
2565 3664 2873 3742 caelum;

628 3769 741 3823 ast
787 3778 924 3825 non
962 3769 1072 3824 est
1109 3761 1578 3845 aequilibrium
1617 3762 1797 3825 sicut
1834 3760 2013 3825 inter
2048 3761 2185 3826 duo
2220 3761 2334 3842 qui
2370 3770 2682 3843 pugnant
2721 3780 2873 3825 cor-

628 3875 814 3937 pore,
853 3874 1142 3939 quorum
1199 3858 1398 3921 unius
1455 3857 1560 3921 vis
1621 3856 2015 3939 aequivalet
2082 3855 2149 3919 vi
2202 3854 2525 3933 alterius;
2586 3856 2710 3920 sed
2763 3866 2873 3923 est

625 3949 1098 4033 aequilibrium
1135 3952 1512 4035 spirituale,
1547 3972 1798 4033 nempe
1837 3950 1989 4014 salsi
2029 3960 2273 4015 contra
2308 3970 2565 4027 verum,
2600 3962 2673 4016 et
2712 3953 2874 4016 mali

625 4054 872 4109 contra
899 4046 1196 4125 bonum3
1243 4068 1336 4111 ex
1368 4048 1636 4113 inferno
1659 4048 1989 4113 continue
2015 4047 2232 4128 spirat
2262 4046 2505 4110 salsum
2536 4066 2629 4111 ex
2662 4047 2870 4123 ma10,

629 4149 700 4203 et
745 4160 837 4203 ex
883 4140 1080 4205 caelo
1118 4145 1445 4207 continue
1481 4161 1720 4209 verum
1761 4163 1853 4207 ex
1898 4142 2105 4206 bono.
2196 4140 2353 4206 Hoc
2402 4141 2871 4224 aequilibrium

625 4235 983 4317 spirituale
1021 4246 1153 4313 est,
1194 4239 1378 4321 quod
1415 4238 1580 4303 facit
1629 4247 1705 4303 ut
1752 4238 1967 4303 homo
2010 4238 2100 4301 sit
2146 4236 2215 4301 in
2262 4236 2479 4301 libero
2515 4238 2872 4319 cogitandi

625 4340 698 4394 et
734 4331 1052 4397 volendi:
1101 4352 1261 4397 nam
1299 4334 1620 4419 quicquid
1655 4334 1870 4400 homo
1908 4333 2179 4415 cogitat
2216 4342 2289 4397 et
2333 4331 2507 4407 vult,
2546 4352 2622 4398 se
2665 4332 2873 4399 refert

625 4424 737 4489 vel
769 4425 857 4489 ad
891 4425 1146 4492 malum
1177 4438 1248 4493 et
1281 4430 1440 4494 inde
1464 4429 1735 4503 falsum,
1758 4428 1871 4495 vel
1901 4427 1991 4493 ad
2024 4428 2281 4492 bonum
2308 4438 2381 4494 et
2408 4430 2569 4494 inde
2594 4448 2826 4495 verum
2852 4452 2869 4508 3

625 4521 910 4601 proinde
942 4541 1096 4587 cum
1133 4524 1202 4588 in
1233 4523 1354 4588 illo
1385 4524 1786 4610 aequilibrio
1815 4534 1949 4599 est,
1982 4524 2053 4589 in
2088 4522 2305 4588 libero
2333 4535 2442 4588 est
2474 4523 2584 4589 vel
2618 4524 2869 4589 admit·

624 4616 818 4681 tendi
855 4626 975 4682 aut
1011 4620 1385 4703 recipiendi
1423 4620 1679 4685 malum
1716 4628 1789 4687 et
1824 4620 1987 4685 inde
2018 4618 2265 4685 salsum
2304 4640 2395 4683 ex
2434 4619 2721 4696 inferno,
2760 4618 2871 4685 vel
