3371 5304
553 615 684 680 QUI
709 615 792 667 IN
818 615 1179 669 INFERNIS
1201 617 1420 684 SUNT,
1442 619 1525 671 IN
1546 620 1777 672 MALls
1802 621 1900 672 ET
1924 621 2005 672 IN
2012 622 2113 674 DE
2134 622 2390 674 FALSIS
2410 623 2624 675 SUNT.
2665 612 2782 692 361

551 787 924 853 secundum
957 787 1156 874 quale
1189 791 1439 855 amoris
1476 799 1549 854 et
1587 788 1745 855 fidei
1776 791 1957 873 apud
1993 789 2273 857 illosffl)
2363 793 2533 858 Inde
2566 804 2788 877 patet,

551 883 734 966 quod
793 903 985 948 amor
1044 887 1340 966 proximi
1397 885 1732 951 inchoans
1798 887 1887 952 ab
1951 886 2226 951 homine
2282 889 2371 952 sit
2430 891 2791 972 oppositus

550 978 765 1042 amori
797 999 962 1060 erga
995 982 1384 1063 proximum
1415 981 1530 1064 qui
1558 981 1842 1046 inchoat
1878 1002 1918 1046 a
1955 979 2257 1046 Domino
2286 1003 2302 1060 ;
2350 991 2424 1048 et
2457 985 2637 1066 quod
2670 984 2788 1048 ille

550 1074 883 1155 procedat
921 1095 962 1138 a
999 1075 1206 1152 male,
1246 1079 1404 1160 quia
1440 1097 1480 1140 a
1525 1078 1801 1159 proprio
1837 1076 2173 1155 hominis;
2220 1088 2296 1143 at
2334 1078 2441 1144 hic
2489 1101 2530 1142 a
2576 1080 2784 1156 bono,

550 1169 746 1254 quia·
779 1191 822 1233 a
881 1171 1204 1246 Domino,
1260 1171 1417 1252 quia
1470 1181 1578 1236 est
1637 1173 1859 1254 ipsum
1920 1171 2209 1236 Bonum.
2298 1172 2500 1236 Patet
2555 1175 2791 1247 etiam,

551 1266 732 1348 quod
771 1285 962 1331 amor
1001 1267 1321 1348 proximi,
1357 1267 1468 1350 qui
1505 1268 1594 1332 ab
1629 1266 1910 1332 homine
1950 1277 2021 1330 et
2060 1266 2202 1347 ejus
2236 1268 2509 1351 proprio
2548 1289 2790 1351 proce-

550 1360 676 1436 dit,
711 1361 802 1424 sit
841 1380 1248 1442 corporeus;
1295 1369 1369 1426 at
1408 1380 1598 1424 amor
1643 1381 1809 1443 erga
1841 1362 2230 1443 proximum
2264 1362 2376 1444 qui
2409 1382 2449 1425 a
2488 1362 2787 1426 Domino

551 1455 888 1537 procedit,
928 1457 1020 1520 sit
1057 1454 1402 1520 caelestis.
1490 1453 1749 1530 Verbo,
1782 1475 1975 1520 arnor
2011 1457 2112 1520 sui
2148 1456 2312 1520 facit
2352 1456 2531 1538 apud
2570 1457 2791 1520 homi-

551 1570 730 1625 nem,
765 1549 836 1615 in
871 1571 1006 1633 quo
1037 1561 1168 1625 est,
1204 1560 1413 1634 caput
1443 1571 1459 1628 ;
1506 1561 1579 1616 et
1611 1570 1803 1616 amor
1834 1549 2159 1614 cael-estis
2188 1551 2351 1616 facit
2384 1551 2562 1634 apud
2603 1550 2792 1614 illum

551 1647 790 1730 pedes,
829 1646 938 1711 cui
994 1646 1274 1720 insistit,
1325 1655 1396 1711 et
1455 1647 1512 1710 si
1571 1666 1712 1710 non
1772 1647 1983 1710 servit
2044 1645 2196 1721 sibi,
2244 1665 2444 1728 quem
2506 1646 2793 1727 pedibus

549 1739 929 1820 proculcat.
1023 1738 1194 1804 Inde
1253 1749 1384 1816 est,
1433 1742 1615 1825 quod
1672 1742 1788 1823 qui
1853 1741 1919 1803 in
1975 1740 2309 1804 infernum
2357 1739 2788 1822 dejiciuntur,

551 1844 932 1917 appareant
972 1834 1171 1916 dejici
1209 1835 1510 1917 supinati
1542 1837 1771 1916 capite
1810 1836 2126 1900 deorsum
2164 1837 2251 1900 ad
2313 1835 2672 1910 infernum,
2723 1844 2795 1898 et

552 1930 840 2012 pedibus
871 1949 1134 1996 sursum
1167 1930 1256 1993 ad
1293 1930 1561 1996 caelum
1597 1929 1944 2011 (videatur
1974 1950 2199 2014 supra,
2242 1949 2305 1992 n.
2344 1929 2519 2010 548).

675 2038 870 2106 359.
933 2024 1156 2088 Amor
1181 2025 1284 2089 sui
1314 2025 1525 2090 etiam
1558 2025 1717 2090 talis
1754 2034 1890 2101 est,
1926 2035 2001 2088 ut
2040 2035 2370 2108 quantum
2408 2023 2505 2086 illi
2545 2023 2790 2086 laxan-

551 2130 662 2183 tur
697 2119 912 2196 srena,
946 2119 1077 2184 hoc
1117 2129 1247 2195 est,
1281 2129 1726 2186 removentur
1755 2119 2029 2184 vincula
2063 2129 2383 2194 externa,
2416 2139 2592 2204 quae
2632 2127 2792 2184 sunt

551 2216 836 2280 timores
882 2235 1006 2298 pro
1066 2215 1222 2296 lege
1280 2225 1353 2280 et
1413 2215 1555 2298 ejus
1615 2215 1879 2295 poeniS,
1928 2235 2185 2298 proque
2236 2212 2500 2296 jastura
2544 2209 2788 2284 famae.

551 2309 850 2384 honoris..
886 2309 1074 2383 lucri,
1107 2307 1471 2375 funGtionis
1508 2320 1579 2374 et
1626 2311 1833 2385 vitae,
1868 2318 2141 2380 tantum
2180 2318 2349 2384 ruat,
2387 2329 2595 2391 usque
2635 2319 2789 2374 tan·

552 2405 711 2468 dem
759 2414 833 2469 ut
880 2425 1018 2468 non
1064 2404 1272 2467 modo
1305 2405 1639 2486 imperare
1684 2404 1857 2468 velit
1902 2423 2103 2485 super
2149 2405 2535 2468 universum
2575 2413 2790 2466 terra-

551 2518 700 2563 rum
759 2499 1022 2574 orbem,
1084 2499 1206 2564 sed
1266 2499 1480 2563 etiam
1539 2519 1743 2581 super
1802 2507 2031 2563 totum
2099 2498 2388 2572 caelum,
2450 2517 2531 2561 ac
2592 2517 2795 2579 super

551 2593 774 2677 ipsum
807 2593 1152 2670 Divinum,
1183 2612 1515 2677 nusquam
1549 2603 1658 2659 est
1698 2595 1759 2659 ei
1796 2593 2040 2677 aliquis
2074 2593 2405 2657 terminus
2443 2613 2563 2656 seu
2601 2590 2792 2671 finis;

551 2690 682 2755 hoc
722 2690 899 2755 latet
938 2691 1375 2755 reconditum
1412 2692 1482 2755 in
1521 2690 1903 2774 unoquovis
1933 2690 2045 2771 qui
2103 2690 2173 2753 in
2232 2708 2465 2752 amore
2519 2688 2622 2750 sui
2657 2696 2789 2761 est,

1328 2932 1426 2985 [(ικ
1449 2940 1645 2975 Ancum
1667 2932 2013 2984 emaus-n

659 3036 788 3106 (hh)
841 3032 960 3107 Qui
1001 3051 1121 3090 non
1161 3034 1358 3089 sciunt
1401 3033 1546 3105 quid
1597 3034 1678 3089 sit
1721 3049 1920 3088 amare
2013 3032 2327 3093 roximum.
2366 3040 2583 3103 putant
2629 3032 2793 3101 quod

551 3105 963 3177 unusquisque
1000 3107 1186 3162 homo
1215 3106 1296 3161 sit
1325 3105 1651 3176 proximus.
1682 3116 1745 3160 et
1775 3104 1939 3175 quod
1970 3050 2467 3159 ssenefaciendum
2496 3102 2579 3157 sit
2604 3102 2795 3157 cuivis

552 3177 654 3249 qui
679 3194 834 3249 opus
860 3178 1092 3247 indiget
1117 3178 1197 3243 (n.
1224 3177 1408 3245 6704).

663 3248 738 3303 Et
767 3263 1006 3319 quoque
1036 3248 1305 3309 credunt,
1337 3245 1498 3318 quod
1529 3245 1784 3317 quisque
1815 3245 1926 3301 sibi
1959 3245 2039 3299 sit
2065 3244 2389 3315 proximus.
2418 3252 2481 3299 et
2510 3242 2598 3299 sic
2626 3244 2788 3314 quod

552 3334 722 3375 amor
746 3335 888 3389 erga
913 3320 1250 3389 proximum
1277 3318 1524 3387 incipiat
1549 3334 1586 3371 a
1609 3332 1673 3371 se
1704 3318 1782 3383 (n.
1808 3316 1991 3384 6933).

658 3389 779 3462 Qui
817 3406 881 3446 se
917 3406 1100 3460 supra
1127 3388 1334 3444 omnia
1361 3398 1582 3449 amant,
1615 3388 1701 3441 ita
1731 3387 1815 3441 iili
1847 3386 2004 3456 apud
2042 3400 2195 3455 quos
2232 3399 2401 3439 amor
2435 3383 2528 3439 sui
2568 3392 2793 3454 regnat,

553 3460 734 3518 etiam
762 3476 1028 3517 amorem
1056 3476 1198 3531 erga
1224 3459 1557 3529 proximum
1586 3474 1624 3513 a
1644 3473 1710 3515 se
1736 3458 2030 3528 incipiunt
2059 3458 2139 3523 (n.
2160 3454 2351 3523 81201?
2376 3454 2533 3519 6710,
2560 3454 2723 3522 6711]
2754 3494 2769 3508 .

662 3531 780 3587 Sed
800 3532 1110 3603 quomodo
1130 3530 1383 3601 quisque
1402 3530 1513 3584 sibi
1534 3529 1844 3600 proximus
1861 3538 1969 3589 est,
1986 3527 2317 3595 explicatur
2337 3528 2417 3593 (n.
2432 3525 2715 3593 6933—693
2780 3564 2794 3578 .

494 3654 500 3665 ,
661 3602 746 3657 At
776 3603 879 3671 qui
919 3601 1245 3658 Christiani
1285 3610 1444 3662 sunt,
1476 3610 1539 3654 et
1579 3599 1773 3654 Deum
1814 3613 1993 3668 supra
2030 3596 2235 3651 omnia
2270 3605 2492 3656 amant.
2524 3610 2792 3649 amorem

554 3689 696 3799 erffa
721 3674 1060 3797 ρτὲιέἑιιιὲω
1087 3673 1203 3797 in<62i
1250 3672 1436 3795 iengga
1463 3670 1743 3810 1))omino,
1768 3669 1911 3740 quia
1938 3667 2046 3724 Ille
2070 3682 2251 3737 supra
2272 3666 2476 3720 omnia
2498 3666 2793 3720 arnaudus

553 3761 620 3801 es
701 3761 756 3799 n.
925 3785 939 3805 ‚
1049 3757 1126 3805 ιι,
1233 3758 1250 3795 1
1412 3756 1442 3795 2
1509 3783 1522 3796 .

494 3862 500 3868 .
661 3747 850 3887 ὁιιοεῖ
881 3757 1222 3869 ἀίεοίἰπιίηει
1260 3755 1515 3883 groxir‘ixi
1554 3811 1811 3866 totidem
1850 3808 1987 3871 sint,
2015 3816 2168 3878 quot
2204 3804 2547 3860 discrimina
2581 3804 2725 3859 boni
2756 3820 2793 3859 a

555 3884 839 3948 Domino,
865 3895 929 3940 et
958 3884 1119 3955 quod
1151 3884 1490 3939 faciendum
1521 3883 1602 3937 sit
1629 3883 1855 3936 bonum
1884 3896 2021 3935 cum
2048 3878 2393 3933 discrimine
2418 3892 2561 3947 erga
2584 3890 2794 3957 quem·

554 3971 793 4026 cunque
829 3956 1158 4011 secundum
1208 3955 1394 4024 quale·
1434 3962 1626 4008 status
1661 3953 1809 4021 ejus,
1845 3962 1909 4005 et
1986 3950 2108 4003 uod
2154 3949 2271 4003 hoc
2318 3947 2400 4002 sit
2436 3948 2795 4017 prudentiae

557 4026 935 4085 Christianae
963 4030 1044 4095 (n.
1069 4026 1228 4093 6707,
1252 4025 1410 4093 6709,
1436 4022 1632 4092 6710[?
1655 4022 1755 4089 671
1772 4023 1837 4091 1]‚
1866 4021 1963 4075 681
2007 4023 2050 4089 ).
2524 4086 2537 4101 ·
2630 4086 2644 4101 ·
2778 4086 2789 4100 ι

663 4096 844 4169 Quod
883 4095 1228 4152 discrimina
1267 4094 1368 4150 illa
1405 4094 1717 4148 innumera
1746 4094 1901 4154 sint:
1949 4101 2012 4145 et
2049 4090 2211 4159 quod
2248 4088 2384 4143 ideo
2413 4096 2663 4157 antiqui,
2688 4101 2793 4156 qui

557 4177 857 4224 noverunt
879 4167 1024 4237 quid
1095 4166 1373 4227 roximus.
1396 4165 1737 4235 redegerint
1752 4162 2035 4218 exercitia
2053 4159 2363 4215 charitatis
2392 4159 2448 4211 in
2474 4158 2714 4218 classes.
2732 4165 2795 4211 et

559 4238 980 4309 insigniverint
1017 4238 1056 4291 il
1081 4254 1148 4292 as
1183 4237 1308 4291 suis
1347 4236 1725 4295 nominibus:
1772 4245 1835 4288 et
1870 4232 2035 4303 quod
2076 4231 2215 4284 inde
2250 4228 2535 4285 sciverint
2574 4228 2633 4281 in
2672 4243 2794 4296 quo

557 4308 833 4380 respeftu
866 4324 1020 4363 unus
1049 4318 1112 4361 et
1141 4308 1292 4362 alter
1321 4316 1486 4361 esset
1515 4306 1839 4377 proximus,
1870 4314 1933 4359 et
1961 4302 2270 4374 quomodo
2299 4298 2795 4353 benefaciendum

557 4380 748 4437 cuivis
774 4380 1100 4450 prudenter
1126 4380 1207 4447 (n.
1234 4391 1388 4445 2417,
1415 4376 1608 4446 6629[?
1632 4376 1816 4444 66281,
1842 4375 1998 4443 6705,
2028 4371 2385 4441 7259-7262).

664 4450 842 4522 Quod
883 4446 1160 4504 doctrina
1208 4448 1268 4501 in
1315 4446 1602 4518 Antiquis
1640 4446 1922 4501 Ecclesiis
1961 4442 2142 4498 fuerit
2177 4440 2453 4496 doetrina
2482 4438 2796 4494 charitatis

559 4538 702 4593 erga
725 4520 1080 4592 proximum.
1101 4530 1164 4573 et
1187 4519 1353 4590 quod
1378 4518 1518 4574 inde
1545 4516 1661 4573 inis
1681 4514 1975 4589 sapientia
2001 4516 2081 4575 (n.
2103 4524 2259 4581 2417.
2282 4512 2437 4581 2385.
2460 4524 2615 4581 3419,
2639 4522 2795 4580 3420,

557 4594 715 4661 4844.
741 4590 936 4662 6628[?
959 4590 1168 4661 66291).
