3371 5304
823 631 924 682 DE
963 631 1323 695 LOQUELA
1368 629 1859 683 ANGELORUM
1898 631 2057 682 CUM
2110 629 2437 682 HOMINE.
2638 633 2747 696 141

508 800 704 868 areta
744 799 1156 885 conjuntffio.
1246 800 1479 867 Aliter
1517 803 1785 878 suisset,
1824 803 1880 866 si
1924 803 2135 867 homo
2182 823 2319 867 non
2366 823 2440 868 se
2478 822 2755 885 separa-

501 899 718 964 visset
747 919 764 978 3
811 908 976 962 tunc
1009 899 1191 964 enim
1225 898 1570 980 potuisset
1601 898 1721 961 ille
1752 897 1896 980 regi
1928 917 2051 980 per
2079 897 2411 962 influxuhi
2442 917 2753 962 commu-

502 1013 662 1058 nem
699 990 796 1058 ¹¹¹a
839 993 1038 1058 caelo
1081 1013 1124 1057 a
1168 993 1472 1058 Domino
1515 994 1775 1076 absque
1836 993 2185 1075 spiritibus
2230 1002 2303 1057 et
2362 993 2634 1075 angelis
2690 995 2753 1058 ei

501 1087 862 1172 adjunais.
965 1087 1103 1153 Sed
1167 1088 1256 1153 de
1301 1089 1428 1152 hac
1474 1108 1548 1153 re
1595 1089 1660 1152 in
1710 1089 1939 1172 specie
1998 1091 2067 1152 in
2122 1089 2753 1171 sequentibus,„ubi

499 1183 589 1248 de
625 1181 1108 1266 conjumffione
1145 1183 1319 1248 caeli
1357 1203 1512 1247 cum
1543 1183 1843 1248 homine.

627 1280 825 1362 248.
897 1277 1212 1362 Loquela
1239 1279 1472 1361 angeli
1509 1289 1629 1343 aut
1661 1280 1943 1360 spiritus
1980 1298 2135 1344 cum
2168 1276 2449 1343 homine
2480 1279 2755 1344 auditur

501 1385 646 1436 tam
679 1393 929 1438 sonore
961 1375 1140 1437 sieut
1173 1373 1447 1456 loquela
1478 1374 1775 1438 hominis
1810 1392 1965 1438 cum
1999 1374 2300 1449 homine,
2338 1393 2577 1438 verum
2610 1393 2748 1436 non

501 1470 771 1532 auditur
813 1469 903 1532 ab
937 1468 1090 1533 aliis
1133 1470 1247 1552 qui
1293 1469 1610 1544 adstant,
1649 1469 1775 1532 sed
1820 1489 1861 1532 a
1908 1469 2061 1534 solo
2104 1469 2295 1552 ipso:
2363 1488 2572 1533 causa
2618 1479 2747 1542 est,

499 1565 657 1646 quia
703 1563 981 1647 loquela
1025 1563 1258 1646 angeli
1303 1585 1424 1628 seu
1461 1566 1741 1648 spiritus
1786 1564 2006 1629 influit
2044 1567 2331 1648 primum
2371 1565 2439 1628 in
2478 1567 2749 1646 cogita-

501 1661 764 1724 tionem
802 1659 1122 1734 hominis,
1153 1669 1224 1723 et
1258 1679 1379 1742 per
1417 1661 1594 1723 viam
1629 1661 1971 1724 internam
2006 1661 2072 1724 in
2106 1679 2442 1742 organum
2476 1662 2751 1724 auditus

502 1755 666 1836 ejus,
707 1763 781 1820 et
826 1756 924 1818 sic
973 1763 1206 1819 movet
1255 1754 1420 1818 illud
1468 1755 1558 1818 ab
1601 1755 1968 1834 interiore;
2028 1765 2103 1819 at
2143 1755 2417 1838 loquela
2455 1755 2751 1819 hominis

499 1869 654 1914 cum
685 1849 964 1914 homine
1009 1848 1227 1913 influit
1277 1851 1566 1931 primum
1611 1851 1681 1913 in
1730 1869 1983 1926 aerem,
2024 1859 2096 1914 et
2136 1869 2259 1931 per
2294 1851 2476 1915 viam
2508 1860 2745 1914 exter-

499 1963 656 2008 nam
693 1947 762 2008 in
793 1963 1128 2028 organum
1161 1945 1434 2009 auditus
1466 1944 1629 2026 ejus,
1657 1956 1730 2009 et
1762 1955 2001 2008 movet
2031 1945 2199 2008 illud
2238 1947 2329 2010 ab
2358 1947 2743 2010 exteriore:

495 2040 656 2103 inde
724 2048 944 2122 patet,
983 2039 1168 2122 quod
1215 2039 1488 2122 loquela
1533 2039 1767 2122 angeli
1812 2060 1893 2104 ac
1940 2040 2219 2123 spiritus
2263 2059 2419 2104 cum
2465 2040 2745 2104 homine

497 2136 816 2200 audiatur
850 2136 918 2198 in
950 2135 1270 2213 homine;
1317 2146 1391 2198 et
1429 2137 1586 2219 quia
1623 2145 1861 2200 movet
1898 2155 2116 2218 aeque
2152 2155 2416 2217 organa
2450 2137 2743 2211 auditus,

495 2231 684 2316 quod
719 2232 933 2296 etiam
971 2250 1187 2313 aeque
1225 2251 1496 2295 sonore.
1589 2229 1797 2312 Quod
1844 2231 2119 2314 loquela
2164 2230 2393 2312 angeli
2440 2241 2512 2296 et
2550 2232 2742 2314 spiri·

493 2337 610 2391 tus
641 2325 899 2392 defluat
931 2347 1145 2408 usque
1175 2327 1244 2389 in
1277 2345 1509 2390 aurem
1547 2327 1636 2389 ab
1671 2327 2017 2400 interiore,
2053 2327 2277 2408 patuit
2316 2327 2479 2392 mihi
2512 2347 2603 2390 ex
2634 2347 2741 2402 eo,

495 2423 680 2506 quod
717 2423 930 2486 etiam
977 2421 1215 2486 influat
1253 2423 1320 2485 in
1361 2422 1687 2504 linguam,
1728 2433 1799 2486 et
1838 2422 2027 2485 illam
2068 2421 2311 2486 leviter
2337 2423 2586 2496 vibret,
2620 2423 2743 2486 sed

493 2537 638 2581 non
676 2536 832 2581 cum
876 2516 1103 2599 aliqua
1149 2518 1478 2591 motione,
1520 2518 1701 2580 sicut
1748 2537 1901 2580 eum
1941 2535 2061 2599 per
2104 2517 2294 2581 illam
2339 2517 2747 2583 articulatur

495 2629 705 2677 sonus
742 2610 1060 2696 loquelae
1098 2611 1165 2676 in
1203 2631 1410 2677 voces
1449 2611 1539 2677 ab
1575 2613 1727 2695 ipso
1765 2612 2063 2677 homine.

619 2720 820 2791 249.
879 2706 1018 2771 Sed
1058 2706 1242 2790 loqui
1280 2726 1435 2771 cum
1473 2708 1823 2790 spiritibus
1868 2708 2077 2773 hodie
2113 2728 2267 2772 raro
2312 2708 2538 2785 datur,
2572 2728 2742 2791 quo·

492 2804 677 2867 niam
713 2802 1170 2885 periculosum
1209 2812 1316 2867 est
1344 2800 1454 2881 ;(”)
1522 2813 1689 2867 tunc
1736 2805 1919 2867 enim
1964 2804 2189 2868 sciunt
2236 2804 2513 2887 spiritus
2558 2803 2742 2886 quod

491 2899 672 2981 apud
709 2897 1060 2963 hominem
1091 2899 1252 2973 sint,
1287 2899 1468 2981 quod
1509 2898 1763 2981 alioqui
1802 2919 1938 2963 non
1972 2900 2240 2977 sciunt;
2288 2917 2368 2961 ac
2403 2898 2565 2962 mali
2602 2900 2741 2981 spi-

491 2994 660 3057 ritus
705 2993 888 3059 tales
925 3002 1084 3057 sunt
1123 3004 1200 3057 ut
1237 2996 1400 3058 odio
1432 2996 1862 3058 interneciuo
1907 2994 2212 3058 habeant
2250 2994 2624 3071 hominem,
2666 3003 2739 3059 et

489 3088 661 3152 nihil
706 3088 858 3172 plus
905 3091 1182 3172 cupiant
1225 3108 1431 3172 quam
1479 3090 1765 3173 perdere
1810 3089 2003 3152 illum
2050 3088 2276 3173 quoad
2320 3090 2622 3153 animam
2666 3099 2740 3155 et

491 3185 717 3265 quoad
765 3204 1035 3267 corpus,
1083 3185 1268 3267 quod
1315 3186 1524 3249 etiam
1570 3184 1648 3249 fit
1704 3184 1885 3267 apud
1933 3186 2089 3250 illos
2134 3186 2250 3267 qui
2294 3185 2587 3250 multum
2634 3187 2739 3249 in-

489 3279 850 3343 dulserunt
902 3279 1302 3363 phantasiis,
1352 3300 1566 3364 usque
1615 3290 1692 3345 ut
1746 3282 2165 3344 removerint
2224 3300 2267 3343 a
2310 3300 2389 3345 se
2438 3279 2741 3363 jucunda

490 3374 778 3439 naturali
811 3375 1072 3439 homini
1097 3377 1604 3441 convenientia.
1698 3374 1933 3459 Aliqui
1958 3376 2185 3447 etiam,
2213 3376 2326 3458 qui
2358 3375 2738 3440 solitariam

490 3471 704 3534 vitam
743 3479 983 3552 agunt,
1011 3472 1420 3554 quandoque
1453 3472 1741 3536 audiunt
1774 3471 2053 3553 spiritus
2084 3488 2317 3535 secum
2346 3469 2733 3553 loquenteS,

489 3572 560 3627 et
595 3565 856 3648 absque
903 3564 1249 3647 periculo;
1317 3566 1439 3629 sed
1477 3567 1758 3648 spiritus
1804 3565 1984 3647 apud
2024 3564 2181 3629 illos
2214 3586 2335 3648 per
2372 3566 2738 3631 intervalla

489 3670 933 3724 removentur
963 3679 1005 3724 a
1035 3660 1360 3735 Domino,
1391 3680 1476 3725 ne
1509 3663 1733 3725 sciant
1764 3662 1947 3744 quod
1972 3661 2153 3742 apud
2186 3661 2534 3725 hominem
2560 3662 2734 3739 sint:

485 3770 647 3817 nam
679 3753 985 3838 plerique
1017 3756 1296 3839 spiritus
1321 3774 1458 3819 non
1491 3766 1769 3831 norunt,
1795 3756 1979 3841 quod
2010 3756 2183 3820 alius
2216 3755 2506 3820 mundus
2530 3756 2733 3821 detur

1292 3994 1369 4048 (ιι
1394 4004 1589 4038 Auem
1611 3996 1937 4049 caum)

595 4116 714 4185 (rr)
825 4115 946 4171 uod
978 4115 1164 4171 homo
1188 4116 1354 4189 loqui
1467 4117 1578 4173 ssit
1607 4134 1745 4173 eum
1772 4118 2083 4188 spiritibus
2106 4128 2172 4175 et
2195 4135 2271 4175 an
2318 4118 2445 4183 elis,
2477 4128 2541 4175 et
2568 4118 2731 4189 quod

487 4186 720 4323 aggai
791 4199 1110 4259 requenter
1145 4204 1284 4242 cum
1339 4186 1458 4244 ilis
1505 4188 1693 4243 locuti
1733 4188 1854 4244 sint
1899 4192 1981 4261 (n.
2012 4190 2205 4259 67-69‚
2239 4202 2270 4256 7
2308 4204 2359 4257 4.
2394 4188 2543 4259 1634,
2582 4189 2731 4258 1636,

590 4326 772 4401 Quod
797 4327 857 4382 in
879 4326 1180 4399 aliquibus
1197 4329 1514 4385 telluribus
1529 4340 1863 4401 appareant
1880 4330 2077 4403 angeli
2094 4339 2160 4387 et
2179 4330 2429 4402 spiritus
2450 4328 2511 4385 in
2538 4328 2733 4387 torma

485 4398 766 4461 humana,
791 4410 856 4455 et
881 4399 1206 4471 loquantur
1229 4416 1368 4455 cum
1396 4401 1516 4456 illis
1541 4403 1623 4471 (n.
1656 4414 1844 4471 10751.
1878 4404 2092 4472 10752).

591 4470 711 4527 Sed
738 4470 901 4541 quod
930 4470 990 4524 in
1018 4470 1131 4526 hae
1156 4468 1373 4526 tellure
1397 4471 1581 4527 hodie
1607 4472 2011 4545 periculosum
2036 4472 2117 4528 sit
2140 4471 2307 4545 loqui
2338 4488 2477 4528 cum
2510 4472 2729 4543 spiriti-

483 4540 610 4603 bus,
649 4540 762 4597 nisi
803 4540 990 4597 homo
1025 4542 1086 4596 in
1125 4556 1268 4598 vera
1295 4542 1415 4599 fide
1452 4542 1547 4605 sit.
1573 4550 1638 4599 et
1667 4542 1924 4599 dueatur
1950 4558 1987 4599 a
2018 4540 2285 4600 Domino
2312 4544 2393 4613 (n.
2425 4542 2545 4611 784,
2570 4542 2729 4613 9438,

489 4612 704 4679 ¹075¹)·
