3371 5304
553 531 678 594 144
1199 529 1300 579 DE
1345 527 1602 580 CAELO
1648 528 1745 578 ET
1794 529 2155 581 INFERNO.

543 717 698 764 cum
744 697 1013 783 angelis
1057 700 1230 765 caeli
1277 709 1352 764 ut
1397 717 1554 764 cum
1601 699 1764 776 suiS,
1811 707 1885 763 et
1931 699 2163 782 angeli
2206 700 2383 766 caeli
2440 720 2597 768 cum
2654 702 2789 770 illis

543 796 842 859 vicissim
888 805 964 859 ut
1003 815 1156 860 cum
1195 796 1352 870 suis,
1394 807 1464 860 et
1511 797 1578 859 in
1625 794 1761 860 illis
1809 795 2077 860 caelum
2122 806 2194 860 et
2242 799 2533 862 mundus
2578 818 2785 864 unum

543 891 873 955 fecerunt.
961 889 1065 955 At
1104 891 1313 954 homo
1344 901 1501 974 post
1536 890 1656 955 illa
1688 901 2005 974 tempora
2034 913 2111 956 se
2146 894 2533 958 successive
2564 913 2783 960 remo-

542 985 644 1050 vit
683 1007 719 1049 e
759 985 978 1063 caelo,
1014 1005 1136 1068 per
1170 986 1238 1050 id
1275 987 1458 1069 quod
1496 996 1760 1050 amaret
1800 1007 1876 1050 se
1914 1007 2075 1070 prae
2116 986 2440 1064 Domine,
2480 999 2552 1053 et
2590 1009 2787 1054 mun-

545 1083 706 1144 dum
744 1102 908 1164 prae
939 1081 1177 1160 caelo;
1223 1082 1383 1146 inde
1413 1083 1670 1148 sentire
1703 1084 1933 1166 coepit
1968 1083 2265 1164 jucunda
2298 1085 2551 1148 amoris
2579 1086 2684 1151 >sui
2711 1093 2787 1150 et

545 1179 778 1241 mundi
818 1187 1136 1260 separata
1171 1199 1213 1240 a
1241 1176 1558 1258 jucundis
1597 1177 1791 1253 caeli,
1827 1187 1899 1242 et
1936 1179 2221 1242 tandem
2260 1199 2473 1262 usque
2504 1180 2681 1244 adeo
2714 1191 2787 1244 ut

547 1274 843 1337 nesciret
881 1272 1039 1356 quid
1078 1273 1260 1336 aliud
1291 1273 1662 1354 jucundum
1693 1293 1708 1335 τ
1772 1283 1937 1337 tunc
1970 1273 2203 1338 clausa
2240 1285 2402 1338 sunt
2438 1277 2787 1348 interiora,

544 1387 718 1450 quae
743 1377 1111 1451 patuerunt
1138 1369 1204 1431 in
1231 1367 1520 1442 caelum,
1547 1378 1622 1432 et
1649 1377 1891 1448 aperta
1925 1371 2276 1433 exteriora
2302 1369 2389 1432 ad
2416 1371 2743 1434 mundum
2770 1391 2785 1446 ;

544 1462 728 1544 quod
775 1481 930 1526 cum
977 1462 1075 1538 fit,
1111 1462 1321 1525 homo
1357 1463 1426 1526 in
1474 1461 1625 1525 luce
1661 1472 1770 1526 est
1809 1464 2037 1545 quoad
2074 1465 2307 1527 omnia
2338 1485 2516 1548 quae
2552 1465 2788 1529 mundi

543 1569 727 1632 sunt,
761 1567 834 1622 et
873 1560 940 1621 in
975 1558 1267 1639 caligine
1303 1557 1532 1639 quoad
1571 1559 1803 1622 omnia
1841 1579 2015 1640 quae
2054 1560 2226 1623 caeli
2264 1569 2449 1624 sunt.

672 1667 866 1736 253.
943 1653 1106 1716 Post
1153 1650 1273 1716 illa
1317 1661 1634 1733 tempora
1677 1673 1833 1717 raro
1879 1653 2121 1736 aliquis
2166 1652 2441 1718 locutus
2478 1662 2587 1718 est
2630 1673 2786 1738 cum

543 1748 814 1831 angelis
870 1746 1066 1823 caeli,
1102 1747 1225 1810 sed
1283 1746 1488 1829 aliqui
1535 1767 1689 1810 cum
1739 1748 2085 1831 spiritibus
2130 1750 2245 1832 qui
2292 1769 2430 1813 non
2476 1751 2544 1814 in
2590 1747 2787 1812 caelo

545 1853 747 1922 sunt;
815 1845 1144 1908 interiora
1187 1843 1369 1907 enim
1415 1853 1488 1906 et
1535 1843 1887 1908 exteriora
1932 1843 2228 1908 hominis
2274 1845 2443 1909 talia
2488 1853 2670 1909 sunt.
2710 1853 2786 1907 ut

543 1938 654 2004 vel
693 1959 1024 2002 conversa
1061 1939 1199 2002 sint
1232 1938 1319 2001 ad
1353 1937 1725 2002 Dominum
1764 1949 1840 2002 ut
1872 1939 1960 2002 ad
1992 1938 2325 2004 Centrum
2362 1959 2557 2004 suum
2595 1957 2783 2003 com·

546 2054 752 2098 mune
793 2033 887 2115 (n.
929 2033 1101 2116 124),
1143 2032 1252 2096 vel
1283 2033 1371 2096 ad
1409 2053 1485 2097 se
1521 2034 1765 2116 ipsum,
1800 2035 1895 2097 ita
1930 2044 2117 2098 retro
2149 2055 2189 2098 a
2222 2034 2565 2111 Domin03
2612 2053 2785 2116 quae

423 2163 428 2168 ·
544 2131 632 2194 ad
680 2130 1050 2193 Dominum
1100 2125 1434 2192 conversa
1491 2138 1676 2203 sunt,
1718 2129 1929 2192 etiam
1984 2129 2073 2191 ad
2132 2128 2401 2193 caelum
2448 2148 2783 2192 conversa

544 2235 728 2300 sunt,
775 2245 948 2307 quae
1003 2233 1234 2288 autem
1294 2224 1384 2287 ad
1441 2243 1518 2288 se
1571 2224 1815 2310 ipsum,
1861 2224 2071 2287 etiam
2133 2225 2219 2287 ad
2284 2224 2650 2300 mundum;
2713 2231 2783 2286 et

543 2341 720 2405 quae
778 2319 909 2384 huc
956 2339 1154 2384 versa
1213 2329 1397 2394 sunt,
1445 2337 1652 2400 aegre
1712 2317 1968 2382 elevari
2028 2327 2361 2400 possunt:
2425 2317 2785 2384 elevantur

544 2424 783 2479 tamen
815 2435 856 2478 a
902 2414 1223 2490 Domino,
1258 2422 1590 2497 quantum
1637 2412 1779 2476 fieri
1818 2422 2074 2494 potest,
2110 2433 2230 2495 per
2262 2413 2783 2476 conversionem

545 2511 818 2584 amoriS,
859 2519 930 2574 et
963 2509 1095 2573 hoc
1134 2508 1210 2572 fit
1249 2529 1370 2591 per
1404 2527 1569 2572 vera
1604 2528 1696 2574 ex
1736 2506 1992 2572 Verb0.

671 2617 865 2689 234·
931 2604 1346 2669 Informatus
1393 2623 1540 2667 sum
1587 2603 1936 2686 quomodo
1984 2601 2319 2667 Dominus
2365 2600 2637 2667 locutus
2674 2612 2780 2667 est

546 2720 700 2764 cum
746 2701 1124 2782 prophetiS,
1166 2720 1287 2782 per
1329 2720 1502 2782 quos
1538 2697 1869 2764 Verbum.
1964 2696 2123 2761 Non
2169 2698 2436 2762 locutus
2480 2708 2588 2762 est
2629 2718 2783 2763 cum

546 2795 678 2859 illis
723 2796 898 2860 sicut
945 2815 1099 2859 cum
1153 2794 1452 2877 antiquis
1497 2814 1619 2876 per
1663 2792 1995 2857 influxum
2043 2794 2110 2856 in
2158 2794 2480 2857 interiora
2524 2814 2781 2867 eorum,

545 2891 666 2955 sed
716 2910 837 2972 per
880 2891 1159 2971 spiritus
1203 2890 1317 2972 qui
1377 2890 1562 2953 missi
1623 2899 1784 2952 sunt
1843 2888 1931 2951 ad
1991 2887 2169 2964 illos,
2217 2910 2390 2971 quos
2450 2888 2783 2953 Dominus

545 2985 859 3067 implevit
897 3005 1019 3048 suo
1057 2981 1358 3067 aspectu,
1391 3004 1472 3047 ac
1513 2984 1610 3046 ita
1642 2984 2000 3065 inspiravit
2033 2982 2244 3046 verba
2278 3004 2452 3065 quae
2490 2983 2781 3066 prophe·

546 3082 636 3143 tis
675 3078 1069 3159 distabant3
1119 3082 1213 3143 sic
1252 3087 1328 3141 ut
1364 3098 1500 3141 non
1540 3086 1727 3141 esset
1760 3076 2079 3151 influxus,
2118 3078 2241 3141 sed
2278 3076 2663 3141 dictamen:
2710 3088 2783 3142 et

546 3175 701 3259 quia
737 3176 947 3239 verba
983 3196 1073 3238 ex
1123 3174 1422 3237 Domino
1459 3173 1861 3237 immediate
1894 3173 2415 3255 proveniebant,
2450 3172 2607 3237 ideo
2644 3175 2781 3237 sin-

545 3270 710 3354 gula
745 3269 1035 3352 impleta
1077 3280 1239 3335 sunt
1285 3269 1558 3345 Divino,
1601 3278 1673 3333 et
1720 3269 1787 3331 in
1824 3288 1900 3333 se
1946 3269 2308 3333 continent
2356 3286 2633 3332 sensum
2680 3270 2781 3331 in-

545 3377 842 3437 ternum,
890 3366 1003 3447 qui
1063 3365 1221 3429 talis
1275 3373 1406 3439 est,
1455 3375 1530 3428 ut
1588 3362 1821 3444 angeli
1880 3363 2053 3427 caeli
2104 3362 2486 3445 percipiant
2546 3360 2663 3425 illa
2715 3363 2780 3425 in

547 3462 833 3528 caelesti
871 3471 942 3524 et
990 3459 1324 3543 spirituali
1369 3478 1595 3531 sensu,
1635 3478 1791 3523 cum
1836 3457 2153 3523 homines
2199 3458 2268 3521 in
2302 3458 2638 3535 naturali;
2686 3458 2782 3522 sic

549 3558 910 3640 conjunxit
937 3555 1272 3618 Dominus
1298 3553 1564 3617 caelum
1591 3562 1662 3616 et
1690 3552 2016 3616 mundum
2044 3572 2163 3633 per
2188 3550 2513 3617 Verbum.
2591 3551 2782 3633 Quo·-

547 3655 756 3720 modo
801 3652 1078 3734 spiritus
1123 3648 1496 3732 implentur
1534 3646 1785 3710 Divino
1830 3668 1871 3709 a
1905 3646 2205 3709 Domino
2244 3668 2361 3729 per
2406 3644 2779 3729 aspectum,

546 3750 756 3814 etiam
801 3756 1160 3811 ostensum
1206 3752 1336 3809 est.
1427 3742 1717 3825 Spiritus
1762 3742 2089 3823 impletus
2124 3741 2375 3805 Divino
2404 3762 2445 3804 a
2484 3742 2783 3807 Domino

546 3864 684 3907 non
721 3842 922 3905 aliter
957 3842 1110 3914 scit,
1150 3858 1353 3923 quam
1391 3837 1573 3921 quod
1605 3836 1723 3901 ille
1761 3837 2096 3901 Dominus
2126 3838 2237 3912 sit,
2266 3848 2338 3900 et
2374 3838 2555 3920 quod
2591 3838 2781 3901 Divi-

547 3956 707 4001 num
739 3937 829 3999 sit
867 3935 1048 4019 quod
1083 3934 1402 4018 loquitur,
1437 3943 1508 3998 et
1546 3934 1677 3998 hoc
1718 3954 1801 3997 eo
1840 3952 2053 4015 usque
2090 3933 2251 3996 dum
2284 3932 2595 3997 elocutus
2632 3944 2781 4010 est;

547 4041 794 4116 postea
843 4030 1224 4113 appercipit
1269 4038 1340 4092 et
1386 4029 1705 4111 agnoscit
1752 4028 1933 4111 quod
1980 4027 2255 4110 spiritus
2308 4028 2419 4101 sit,
2468 4036 2543 4092 et
2599 4028 2781 4110 quod

541 4129 660 4193 ille
697 4146 835 4190 non
869 4126 1140 4189 locutus
1177 4126 1268 4189 sit
1305 4146 1346 4188 a
1383 4144 1456 4187 se
1494 4124 1615 4188 sed
1649 4144 1691 4187 a
1728 4122 2048 4187 Domino.
2138 4121 2319 4209 Quia
2353 4121 2515 4188 talis
2558 4132 2783 4188 status

544 4224 669 4289 fuit
715 4222 1092 4306 spirituum,
1129 4221 1240 4303 qui
1287 4220 1499 4283 locuti
1546 4227 1707 4282 sunt
1753 4237 1906 4283 cum
1954 4216 2331 4301 prophetis,
2368 4216 2529 4283 ideo
2571 4218 2779 4282 etiam

546 4320 635 4384 ab
671 4318 804 4383 illis
841 4317 1091 4380 dicitur
1126 4316 1308 4399 quod
1344 4313 1653 4396 Jehovah
1693 4313 1961 4376 locutus
1994 4313 2123 4388 sit;
2178 4314 2387 4377 etiam
2425 4312 2551 4397 ipsi
2589 4312 2781 4394 spiri-

548 4424 660 4479 tus
705 4434 780 4477 se
835 4410 1358 4494 appellaverunt
1415 4408 1790 4491 Jehovam;
1860 4416 1935 4470 ut
1982 4416 2307 4471 constare
2355 4416 2584 4489 potest
2643 4424 2780 4472 non

547 4507 768 4572 solum
803 4528 846 4571 a
881 4504 1304 4589 propheticis
1342 4504 1464 4568 sed
1502 4505 1714 4567 etiam
1752 4522 1843 4566 ex
1880 4501 2227 4566 historicis
2266 4501 2497 4566 Verbi.
