3371 5304
560 662 681 725 262
1201 675 1305 726 DE
1347 673 1601 731 CAELO
1646 673 1745 724 ET
1791 672 2155 726 INFERNO.

554 845 698 909 lum
756 866 849 909 ex
902 846 1273 909 innumeris
1316 846 1770 909 societatibus
1815 846 2136 910 consistit
2185 843 2532 928 (videatur
2575 866 2800 929 supra,

554 960 620 1003 n.
654 940 941 1023 41-5o):
988 952 1062 1006 et
1099 961 1367 1024 quoque
1402 961 1541 1004 non
1578 941 1804 1005 sciunt
1839 940 2040 1005 aliter
2077 960 2279 1025 quam
2315 942 2501 1024 quod
2532 942 2804 1006 caelum

553 1036 645 1099 sit
684 1036 1012 1099 unicuivis
1038 1055 1128 1099 ex
1166 1036 1571 1100 immediata
1600 1035 2090 1111 misericordia,
2121 1044 2196 1099 et
2233 1037 2330 1099 sic
2363 1036 2546 1120 quod
2579 1036 2802 1100 solum

554 1131 645 1193 sit
676 1131 1095 1194 intromissio
1127 1141 1198 1194 et
1230 1132 1537 1212 receptio
1567 1151 1659 1193 ex
1692 1130 2175 1213 beneplacito;
2223 1150 2350 1193 nec
2376 1130 2800 1211 intelligunt,

553 1226 739 1309 quod
801 1225 1138 1290 Dominus
1190 1247 1283 1289 ex
1342 1226 1810 1290 misericordia
1864 1226 2076 1290 ducat
2120 1228 2644 1309 unumquemvis
2687 1228 2802 1309 qui

553 1322 799 1403 recipit
838 1320 1093 1405 Ipsum,
1134 1331 1207 1385 et
1252 1321 1437 1405 quod
1484 1322 1541 1385 is
1587 1321 1877 1403 recipiat
1916 1319 2150 1403 Ipsum
2188 1322 2302 1403 qui
2348 1322 2518 1385 vivit
2556 1339 2801 1385 secun-

555 1416 719 1480 dum
764 1416 957 1498 leges
1004 1417 1259 1481 ordinis
1298 1416 1548 1492 Divini,
1587 1437 1766 1499 quae
1811 1426 1974 1479 sunt
2022 1426 2394 1499 praecepta
2431 1416 2684 1479 amoris
2729 1426 2802 1481 et

554 1508 754 1590 fidei;
801 1522 876 1575 et
914 1512 1096 1595 quod
1136 1512 1291 1575 duci
1328 1514 1427 1575 ita
1462 1532 1505 1575 a
1542 1511 1868 1587 Domine,
1909 1511 1998 1574 ab
2033 1512 2322 1575 infantia
2357 1512 2444 1574 ad
2485 1511 2802 1575 ultimum

553 1605 739 1671 vitae
778 1608 847 1671 in
878 1607 1157 1683 mundo,
1192 1617 1264 1671 et
1296 1607 1454 1672 dein
1492 1607 1563 1670 in
1594 1618 1974 1683 aeternum,
2008 1607 2098 1670 sit
2129 1606 2598 1669 misericordia
2625 1625 2801 1693 quae

554 1701 989 1785 intelligitur.
1080 1700 1317 1766 Sciant
1362 1703 1617 1785 itaque,
1655 1703 1841 1784 quod
1880 1702 2340 1785 unusquisque
2385 1699 2595 1764 homo
2641 1720 2798 1763 nas-

555 1806 754 1863 catur
789 1798 877 1861 ad
915 1797 1205 1875 caelum,
1246 1807 1319 1861 et
1356 1796 1541 1880 quod
1577 1796 1948 1879 recipiatur
1984 1797 2097 1879 qui
2133 1794 2403 1861 caelum
2439 1796 2685 1877 recipit
2731 1796 2800 1859 in

556 1912 632 1957 se
670 1893 739 1955 in
776 1892 1057 1969 mundo,
1098 1903 1172 1957 et
1206 1890 1625 1959 excludatur
1656 1892 1773 1973 qui
1811 1911 1951 1956 non
1979 1891 2246 1975 recipit.
