3371 5304
567 649 692 715 344
1231 647 1334 699 DE
1379 647 1634 700 CAELO
1683 649 1779 700 ΒΤ
1828 649 2195 703 INFERNO.

562 817 730 882 laesi
767 827 952 893 sunt,
986 827 1058 883 et
1097 835 1254 882 cum
1283 819 1708 884 surrexerint
1738 823 2229 902 percurrebant
2261 823 2440 886 viam
2474 822 2691 886 latam
2726 825 2815 888 ad

565 912 912 988 dextrum,
947 933 1121 996 quae
1161 913 1502 978 tendebat
1539 915 1628 978 ad
1661 916 2017 980 infernum„
2106 916 2360 981 Postea
2390 917 2815 1000 explicatum

562 1018 673 1073 est
717 1007 906 1084 mihi,
945 1011 1107 1092 quid
1142 1011 1374 1074 omnia
1419 1009 1540 1073 illa
1583 1009 2111 1092 significabant:
2180 1013 2363 1095 quod
2402 1033 2651 1096 nempe
2696 1035 2815 1097 per

563 1105 743 1168 viam
785 1105 1096 1187 primam,
1131 1125 1304 1188 quae
1345 1104 1512 1180 lata,
1547 1123 1751 1188 quam
1790 1107 1991 1170 multi
2028 1113 2175 1172 t'am
2213 1109 2376 1172 boni
2414 1129 2620 1191 quam
2650 1109 2817 1172 mali

563 1199 762 1263 simul
807 1201 1026 1275 ibant,
1075 1212 1148 1264 et
1193 1199 1773 1283 colloquebantur
1818 1202 2001 1266 inter
2045 1225 2119 1267 se
2166 1205 2345 1268 sicut
2388 1206 2613 1281 amici,
2659 1208 2815 1288 quia

562 1295 825 1360 nullum
862 1296 1230 1359 discrimen
1273 1296 1455 1360 inter
1501 1296 1660 1360 illos
1698 1298 2080 1379 apparebat
2124 1299 2213 1362 ad
2258 1301 2502 1375 visum,
2539 1321 2813 1382 reprae-

560 1393 818 1456 sentati
841 1393 985 1454 sint
1013 1394 1129 1475 qui
1159 1393 1228 1456 in
1261 1392 1578 1456 externis
1603 1393 1871 1456 sincere
1902 1404 1976 1458 et
2001 1392 2185 1475 juste
2212 1395 2526 1460 similiter
2546 1398 2812 1469 vivunt,

561 1495 632 1550 et
671 1487 785 1568 qui
821 1505 962 1550 non
1002 1487 1508 1568 dignoscuntur
1545 1488 1632 1550 ad
1679 1487 1901 1552 visum
1934 1510 1949 1556 z
1998 1507 2120 1570 per
2157 1489 2459 1571 lapidem
2496 1491 2657 1556 bivii
2694 1511 2817 1555 seu

561 1582 818 1664 anguli,
859 1584 926 1646 in
975 1603 1178 1665 quem
1217 1583 1616 1648 ceciderunt
1655 1583 1841 1660 mali,
1881 1593 1953 1648 et
2000 1605 2042 1647 a
2086 1605 2225 1667 quo
2266 1585 2425 1648 dein
2464 1597 2817 1666 percurre-

561 1678 730 1742 bant
791 1679 970 1741 viam
1033 1680 1406 1742 ducentem
1471 1679 1561 1741 ad
1621 1679 1984 1755 infernum,
2042 1691 2641 1762 repraesentatum
2704 1693 2816 1748 est

562 1771 886 1836 Divinum
934 1772 1216 1848 Verum,
1257 1774 1442 1856 quod
1489 1783 1785 1854 negatur
1844 1775 1933 1838 ab
1992 1774 2127 1839 illis
2186 1777 2299 1858 qui
2358 1773 2679 1858 speciant
2725 1777 2815 1842 ad

559 1867 894 1931 infernum
925 1889 940 1946 ;
1001 1870 1072 1932 in
1118 1889 1444 1951 supremo
1479 1889 1684 1932 sensu
1732 1887 1854 1950 per
1884 1871 2177 1934 eundem
2218 1871 2519 1952 lapidem
2556 1871 2817 1954 signifi-

559 1963 848 2026 cabatur
887 1962 1209 2026 Divinum
1251 1963 1650 2028 Humanum
1691 1965 2014 2030 Domini:
2062 1967 2175 2048 qui
2208 1977 2442 2028 autem
2473 1985 2817 2047 agnosce·-

560 2059 729 2120 bant
765 2057 1050 2132 Verum,
1085 2069 1159 2122 et
1197 2058 1398 2122 simul
1432 2058 1761 2123 Divinum
1796 2059 2095 2136 Domini,
2132 2059 2231 2124 illi
2264 2060 2661 2126 ferebantur
2694 2081 2817 2144 per

561 2155 742 2216 viam
793 2173 966 2236 quae
1028 2155 1328 2219 ducebat
1388 2156 1476 2218 ad
1538 2155 1831 2220 caelum.
1920 2155 2037 2219 Ex
2098 2156 2203 2220 his
2262 2157 2511 2220 iterum
2562 2160 2811 2239 patuit,

559 2249 740 2330 quod
775 2248 938 2311 mali
971 2270 1188 2331 aeque
1225 2269 1305 2313 ae
1347 2251 1507 2313 boni
1541 2251 1835 2314 eandem
1866 2251 2083 2314 vitam
2117 2261 2335 2332 agant
2372 2253 2441 2316 in
2479 2255 2813 2329 externis,

563 2364 682 2407 seu
743 2345 1035 2408 eandem
1083 2345 1264 2408 viam
1311 2356 1497 2418 eant.
1537 2346 1637 2409 ita
1687 2356 1831 2410 tam
1879 2345 2079 2411 facile
2128 2367 2298 2410 unus
2344 2367 2549 2430 quam
2594 2349 2811 2426 alter3

561 2449 632 2502 et
672 2449 904 2502 tamen
944 2439 1128 2521 quod
1176 2439 1274 2504 illi
1320 2441 1431 2522 qui
1472 2452 1864 2522 agnoscunt
1905 2439 2227 2505 Divinum
2276 2464 2367 2504 ex
2416 2443 2643 2518 corde,
2686 2445 2812 2508 im·

561 2536 794 2618 primis
853 2537 1036 2599 intra
1093 2533 1482 2610 ecclesiam,
1532 2538 1644 2619 qui
1700 2547 2089 2618 agnoscunt
2138 2537 2463 2601 Divinum
2512 2536 2811 2611 Domini,

563 2631 906 2695 ducantur
950 2629 1036 2693 ad
1085 2630 1394 2708 caelum;
1458 2640 1532 2695 et
1577 2632 1693 2714 qui
1740 2649 1877 2695 non
1925 2641 2339 2715 agnoscunt,
2378 2635 2682 2699 ferantur
2724 2637 2817 2701 ad

559 2727 914 2791 infernum.
1006 2726 1329 2790 Hominis
1355 2720 1821 2809 cogitationes
1847 2746 2021 2811 quae
2048 2731 2429 2811 procedunt
2462 2752 2553 2794 ex
2586 2732 2817 2796 inten-

559 2824 752 2886 tione
810 2842 930 2887 seu
985 2822 1375 2899 voluntate,
1425 2835 2037 2906 repraesentantur
2094 2826 2161 2889 in
2222 2826 2443 2890 altera
2496 2829 2641 2891 vita
2694 2846 2819 2911 per

559 2918 744 2983 vias:
791 2919 1128 2981 sistuntur
1165 2920 1564 2983 etiam·viae
1603 2921 1691 2984 ad
1729 2921 2209 3003 apparentiam
2248 2922 2341 2985 ibi
2376 2934 2658 3005 'prorsus
2703 2944 2817 2987 se·-

563 3015 860 3077 cundum
908 3016 1380 3096 cogitationes
1423 3015 1855 3093 interitionis„
1904 3026 1979 3083 et
2038 3036 2307 3099 quoque
2354 3020 2815 3102 unusquisque

559 3110 934 3172 secundum
967 3112 1440 3191 cogitationes
1475 3130 1632 3175 suas
1665 3132 1839 3195 quae
1874 3113 2258 3195 procedunt
2296 3134 2386 3177 ex
2424 3117 2817 3180 intentione

567 3203 896 3267 ambulat.
997 3204 1168 3269 Inde
1216 3217 1349 3281 est,
1398 3207 1582 3290 quod
1627 3210 1903 3289 spiritus
1948 3209 2187 3291 quales
2234 3218 2417 3285 sunt,
2459 3220 2531 3274 et
2576 3228 2817 3276 eorum

561 3300 1049 3381 cogitationes,
1078 3312 1452 3365 noscantur
1483 3322 1574 3367 ex
1608 3304 1735 3366 viis
1767 3306 1943 3369 suis:
1992 3324 2083 3370 ex
2114 3305 2251 3369 illis
2276 3326 2551 3391 quoque
2564 3309 2811 3391 patuit,

561 3395 725 3479 quid
761 3394 1180 3479 intelligitur
1217 3418 1339 3481 per
1376 3398 1654 3462 Domini
1694 3400 1926 3475 verba,
2514 3410 2521 3417 ’

666 3546 920 3600 “Intrate
955 3566 1053 3615 per
1086 3562 1297 3615 portam
1334 3562 1655 3615 angustam:
1708 3554 1821 3605 lata
1854 3556 2001 3605 enim
2036 3566 2121 3607 eat
2157 3566 2315 3619 porta
2348 3566 2402 3607 et
2446 3558 2691 3620 spatiosa
2724 3560 2817 3609 via.

827 3630 964 3681 quae
989 3616 1136 3666 ducit
1158 3618 1228 3667 ad
1253 3619 1493 3679 exitium,
1519 3630 1574 3669 et
1611 3620 1765 3669 multi
1792 3628 1919 3669 sunt
1949 3621 1985 3670 ii
2016 3622 2105 3684 qui
2142 3622 2423 3671 ambulant
2458 3636 2556 3685 per
2588 3636 2707 3673 eam
2734 3638 2768 3681 ;.
2791 3663 2802 3673 .

825 3680 1014 3733 εῐτίέὶα
1037 3692 1122 3733 est
1145 3684 1236 3733 via
1263 3694 1318 3733 et
1341 3696 1575 3746 angusta
1589 3696 1771 3748 porta,
1797 3701 1933 3750 quae
1960 3686 2109 3736 ducit
2129 3688 2199 3738 ad
2226 3688 2410 3745 vitam.
2436 3698 2491 3738 et
2512 3690 2667 3753 pauci
2686 3698 2815 3740 tunt

825 3750 916 3812 qui
941 3750 1225 3801 inveniunt
1250 3750 1398 3799 illam
1418 3750 1450 3770 ''
1473 3750 1692 3813 (Matth.
1720 3752 1809 3802 vii.
1840 3765 1917 3813 13,
1946 3754 2061 3813 14):

561 3900 744 3985 quod
785 3899 1026 3965 stricta
1061 3902 1151 3965 sit
1186 3901 1296 3964 via
1335 3922 1508 3985 quae
1546 3901 1741 3966 ducit
1780 3904 1867 3967 ad
1905 3904 2145 3979 vitam,
2186 3924 2327 3969 non
2366 3916 2472 3969 est
2511 3906 2668 3991 quia
2705 3916 2812 3971 est

563 3994 881 4073 difficilis,
932 3995 1053 4059 sed
1102 3997 1259 4079 quia
1306 3998 1504 4079 pauci
1551 4008 1711 4062 sunt
1772 4001 1885 4082 qui
1945 4002 2305 4064 inveniunt
2350 4000 2562 4077 illam,
2612 4012 2814 4085 prout

565 4091 832 4155 dicitur.
931 4088 1042 4153 Ex
1103 4090 1332 4172 lapide
1377 4090 1499 4155 illo
1543 4094 1694 4157 viso
1754 4094 1821 4155 in
1882 4094 2160 4175 angulo,
2202 4094 2315 4157 ubi
2368 4094 2480 4159 via
2538 4094 2683 4161 lata
2740 4106 2813 4161 et

565 4184 948 4251 communis
988 4186 1514 4263 terminabatur,
1556 4198 1626 4252 et
1665 4209 1707 4251 a
1744 4208 1880 4273 quo
1918 4190 2120 4252 binae
2162 4190 2313 4253 viae
2350 4190 2418 4253 in
2457 4191 2814 4273 oppositas

566 4281 807 4363 plagas
862 4282 1150 4345 tendere
1208 4282 1395 4346 visae
1457 4294 1639 4357 sunt,
1702 4286 1926 4366 patuit
1986 4285 2147 4369 quid
2206 4284 2635 4369 significatur
2692 4306 2813 4369 per

563 4377 737 4441 haec
779 4376 1058 4441 Domini
1095 4377 1329 4456 verba,

667 4533 914 4583 “Annon
945 4532 1158 4597 legistis
1186 4532 1330 4596 qnod
1359 4534 1620 4598 scriptum
1643 4534 1771 4585 eat?
1816 4533 1997 4597 Lapis.
2016 4548 2181 4599 quem
2214 4537 2643 4598 reprobaverunt
2664 4535 2813 4585 aedi·

830 4596 1067 4655 ficantes.
1095 4600 1140 4647 is
1179 4594 1357 4649 facins
1398 4610 1484 4649 est
1525 4600 1578 4648 in
1623 4612 1783 4662 caput
1822 4616 1889 4648 an
1934 4602 2043 4659 uli;
2089 4602 2333 4665 quisquis
2366 4602 2615 4652 ceciderit
2650 4616 2811 4663 super

831 4664 984 4713 illum
1009 4664 1242 4727 lapidem
1259 4664 1631 4728 confringetur
1649 4664 1678 4686 ’⁹
1696 4663 1893 4731 ([Matt
1929 4704 1943 4717 .
1960 4666 2068 4718 xxi.
2086 4679 2253 4727 42-44
2272 4662 2312 4732 ς]
2350 4666 2475 4717 Luc.
2494 4680 2581 4718 xx.
2604 4678 2679 4727 17,
2700 4666 2813 4727 πως
