3371 5304
1110 636 1480 703 QUATUOR
1525 637 1828 689 PLAGAE
1872 637 1957 688 m
2002 634 2280 689 CAELO.
2748 639 2827 706 91

709 811 904 898 148·
963 809 1227 876 Omnes
1255 811 1326 874 in
1358 809 1568 874 caelis
1599 809 1923 876 habitant
1951 805 2259 874 distineti
2280 808 2657 874 secundum
2682 807 2833 892 pla·

583 925 709 990 gas
732 927 748 986 ;
815 906 903 970 ad
962 908 1297 971 orientem
1344 915 1418 970 et
1477 906 1917 970 occidentem
1974 904 2295 969 habitant
2352 906 2465 988 qui
2522 906 2593 969 in
2650 905 2835 970 bono

581 1002 834 1066 amoris
869 1010 1054 1078 sunt,
1094 1001 1182 1065 ad
1217 1002 1558 1066 orientem
1595 1003 1711 1084 qui
1744 1001 1813 1063 in
1852 1000 2293 1082 perceptione
2328 1000 2513 1064 clara
2550 1000 2713 1082 ejus,
2744 999 2834 1064 ad

582 1098 1020 1161 occidentem
1057 1097 1170 1179 qui
1207 1097 1273 1160 in
1313 1097 1759 1178 perceptione
1796 1094 2086 1159 obscura
2120 1094 2304 1176 ejusg
2350 1096 2440 1159 ad
2480 1095 2833 1160 meridiem

582 1201 655 1256 et
691 1194 1238 1276 septentrionem
1276 1191 1599 1256 habitant
1635 1191 1750 1274 qui
1794 1191 1861 1254 in
1899 1191 2241 1271 sapientia
2272 1192 2453 1266 inde,
2494 1192 2585 1254 ad
2628 1193 2831 1254 meri-

582 1288 762 1350 diem
798 1289 911 1370 qui
947 1289 1016 1351 in
1055 1287 1429 1369 sapientiae
1467 1286 1618 1350 luce
1655 1285 1864 1360 clara,
1904 1285 1993 1348 ad
2030 1286 2574 1368 septentrionem
2612 1287 2726 1369 qui
2760 1287 2831 1350 in

581 1383 961 1464 sapientiae
1001 1381 1153 1446 luce
1189 1382 1500 1446 obscura.
1591 1379 1925 1446 Similiter
1960 1379 2282 1444 habitant
2328 1381 2558 1462 angeli
2602 1382 2718 1464 qui
2761 1382 2831 1446 in

582 1496 798 1558 regno
841 1476 1176 1558 spirituali
1223 1476 1504 1540 Domini
1547 1486 1734 1552 sunt,
1782 1476 1963 1540 sicut
2006 1477 2121 1558 qui
2166 1477 2235 1539 in
2282 1495 2499 1558 regno
2545 1476 2831 1541 caelesti

582 1572 823 1654 Ipsius,
863 1591 1019 1636 cum
1057 1571 1439 1636 differentia
1475 1581 1712 1636 tamen
1752 1570 2130 1635 secundum
2166 1569 2425 1636 bonum
2462 1573 2712 1635 amoris
2758 1580 2831 1636 et

579 1667 804 1731 lucem
829 1668 972 1732 veri
1009 1687 1100 1730 ex
1139 1666 1365 1746 bono;
1415 1685 1574 1731 nam
1600 1685 1795 1730 amor
1826 1666 1897 1730 in
1930 1685 2149 1749 regno
2180 1665 2465 1730 caelesti
2498 1677 2609 1731 est
2636 1686 2830 1731 amor

579 1764 646 1826 in
687 1763 1080 1839 Dominum,
1122 1775 1194 1828 et
1242 1761 1364 1826 lux
1402 1763 1544 1828 veri
1579 1763 1739 1826 inde
1776 1772 1887 1827 est
1924 1763 2300 1844 sapientia;
2348 1763 2417 1826 in
2453 1782 2673 1844 regno
2708 1783 2826 1826 au·

579 1867 724 1923 tem
760 1859 1094 1940 spirituali
1131 1867 1238 1923 est
1275 1877 1468 1921 amor
1503 1877 1669 1939 erga
1706 1858 2097 1939 proximum
2134 1858 2247 1940 qui
2282 1857 2581 1921 charitas
2618 1877 2826 1922 voca-

577 1964 711 2029 tur,
743 1963 816 2017 et
854 1953 976 2017 lux
1007 1955 1148 2017 veri
1185 1953 1346 2018 inde
1378 1963 1486 2017 est
1513 1953 1997 2035 intelligentia,
2030 1972 2205 2036 quae
2236 1972 2507 2037 quoque
2538 1961 2828 2018 vocatur

577 2047 748 2113 fides
781 2047 1124 2130 (videatur
1154 2069 1378 2130 supra,
1408 2069 1473 2112 n.
1507 2048 1618 2131 23)
1646 2066 1662 2109 :
1712 2048 2032 2114 differunt
2061 2049 2273 2112 etiam
2298 2049 2523 2132 quoad
2558 2049 2822 2132 plagas,

579 2161 737 2207 nam
771 2143 1017 2226 plagae
1047 2145 1116 2207 in
1149 2163 1285 2207 uno
1315 2152 1388 2208 et
1421 2143 1646 2208 altero
1675 2163 1893 2226 regno
1924 2143 2191 2208 distant
2222 2145 2403 2208 inter
2432 2165 2507 2208 se
2540 2143 2827 2226 triginta

578 2239 925 2321 gradibus,
965 2247 1040 2302 ut
1081 2257 1248 2303 mox
1285 2257 1489 2322 supra
1529 2237 1626 2322 (n.
1674 2237 1821 2322 146)
1863 2237 2121 2304 dietum
2158 2250 2290 2304 est.

706 2346 906 2416 149.
967 2332 1294 2397 Similiter
1338 2333 1660 2398 habitant
1706 2334 1937 2417 angeli
1982 2337 2163 2400 inter
2206 2354 2281 2398 se
2334 2335 2403 2398 in
2446 2334 2823 2418 unaquavis

579 2429 914 2493 societate
952 2428 1170 2507 caeli;
1215 2429 1304 2493 ad
1341 2430 1678 2494 orientem
1718 2431 1811 2494 ibi
1846 2431 1959 2514 qui
1994 2431 2063 2494 in
2100 2429 2337 2512 majori
2376 2431 2595 2512 gradu
2628 2450 2819 2496 amo·

578 2525 668 2587 ris
724 2534 796 2588 et
842 2523 1200 2588 charitatis
1237 2534 1419 2602 sunt,
1461 2525 1550 2589 ad
1595 2527 2033 2591 occidentem
2080 2527 2192 2610 qui
2252 2528 2319 2590 in
2380 2527 2665 2606 minori;
2728 2527 2819 2592 ad

581 2620 934 2684 meridiem
977 2621 1090 2703 qui
1136 2621 1202 2684 in
1249 2620 1502 2703 majore
1549 2621 1701 2687 luce
1747 2622 2127 2707 sapientiae
2172 2632 2245 2687 et
2292 2623 2816 2704 intelligentiae,

578 2714 664 2779 ad
701 2717 1248 2797 septentrionem
1284 2718 1397 2800 qui
1433 2718 1502 2782 in
1540 2719 1821 2782 minore.
1911 2716 2115 2799 Quod
2153 2720 2253 2783 ita
2282 2716 2587 2783 distincti
2623 2719 2817 2783 habi·-

578 2819 752 2887 tent,
786 2820 896 2875 est
927 2811 1083 2894 quia
1115 2814 1528 2895 unaquaevis
1559 2816 1857 2878 societas
1886 2815 2093 2879 refert
2124 2815 2413 2892 caelum,
2446 2825 2518 2879 et
2549 2836 2819 2899 quoque

576 2914 684 2969 est
743 2904 1010 2970 caelum
1060 2908 1132 2969 in
1187 2908 1449 2974 minore
1491 2908 1711 2973 forma
1758 2908 2105 2993 (videatur
2150 2930 2373 2994 supra,
2416 2930 2478 2974 n.
2532 2908 2815 2993 51—58):

577 2999 796 3065 simile
841 2999 921 3065 fit
965 3003 1034 3064 in
1080 3004 1550 3067 conventibus.
1642 3005 1985 3069 Feruntur
2028 3006 2095 3069 in
2141 3006 2322 3070 hunc
2368 3006 2679 3071 ordinem
2725 3026 2816 3069 ex

577 3094 793 3159 forma
828 3096 1021 3173 caeli,
1061 3116 1152 3161 ex
1190 3118 1325 3181 qua
1353 3101 1814 3183 unusquisque
1844 3103 1977 3166 scit
2014 3120 2211 3165 suum
2244 3101 2491 3166 locum.
2586 3102 2815 3167 Provi-

577 3189 780 3255 detur
822 3192 1036 3256 etiam
1079 3212 1122 3255 a
1180 3191 1502 3271 Domino,
1543 3205 1616 3259 ut
1675 3196 1746 3259 in
1792 3198 2165 3280 unaquavis
2210 3198 2549 3263 societate
2594 3198 2686 3261 sit
2724 3218 2815 3261 ex

575 3286 761 3350 omni
806 3306 1081 3368 genere,
1129 3306 1220 3350 ex
1265 3306 1472 3353 causa
1515 3299 1592 3353 ut
1638 3290 1902 3355 caelum
1950 3293 2039 3355 sit
2084 3293 2309 3374 quoad
2355 3291 2643 3357 sormam
2688 3292 2817 3357 sibi

575 3380 794 3445 simile
837 3380 1102 3445 ubivis:
1165 3382 1288 3446 sed
1335 3404 1548 3468 usque
1592 3384 1819 3450 differt
1864 3387 2209 3451 ordinatio
2254 3388 2463 3452 totius
2509 3388 2683 3453 caeli
2728 3390 2817 3453 ab

575 3476 1010 3541 ordinatione
1057 3478 1435 3553 societatiS,
1503 3491 1581 3545 ut
1634 3500 1998 3547 commune
2056 3502 2100 3546 a
2157 3483 2591 3565 particulari;
2655 3504 2813 3548 nam

575 3574 950 3638 societates
988 3593 1162 3656 quae
1206 3575 1294 3638 ad
1343 3574 1680 3641 orientem
1718 3588 1904 3653 sunt,
1945 3587 2306 3661 praestant
2344 3578 2478 3642 illis
2516 3580 2812 3643 societa-

573 3665 756 3731 tibus
787 3688 960 3750 quae
997 3668 1086 3731 ad
1123 3668 1585 3748 occidentem,
1619 3680 1695 3739 et
1728 3692 1907 3755 quae
1943 3673 2030 3737 ad
2070 3673 2425 3739 meridiem
2455 3685 2814 3758 praestant

575 3760 708 3824 illis
743 3782 918 3845 quae
953 3763 1042 3826 ad
1081 3766 1650 3846 septentrionem.

699 3870 898 3941 130.
955 3856 1236 3922 Exinde
1295 3868 1424 3936 est,
1473 3862 1655 3944 quod
1716 3860 1967 3945 plagae
2024 3864 2091 3929 in
2153 3865 2363 3929 caelis
2422 3866 2813 3948 significent

572 3950 763 4028 talia,
791 3972 966 4034 quae
990 3954 1171 4037 apud
1203 3952 1359 4019 illos
1385 3956 1496 4038 qui
1529 3956 1621 4020 ibi
1651 3957 1975 4025 habitant
2005 3982 2021 4037 ;
2069 3980 2338 4043 nempe,
2368 3964 2595 4027 oriens
2620 3983 2812 4027 amo·

573 4064 716 4111 rem
761 4056 836 4111 et
881 4047 1024 4130 ejus
1060 4050 1315 4115 bonum
1361 4052 1431 4115 in
1479 4055 1922 4139 perceptione
1961 4054 2169 4132 clara,
2210 4058 2533 4121 occidens
2581 4058 2701 4123 illa
2743 4060 2811 4123 in

571 4143 1015 4224 perceptione
1045 4144 1358 4221 obscura,
1381 4148 1699 4213 meridies
1730 4152 2142 4231 sapientiam
2174 4163 2245 4216 et
2276 4152 2811 4235 intelligentiam

571 4236 638 4299 in
676 4236 830 4301 luce
859 4237 1068 4315 clara,
1103 4248 1178 4303 et
1213 4244 1604 4323 septentrio
1631 4242 1789 4308 illas
1826 4245 1895 4309 in
1934 4244 2086 4310 luce
2116 4248 2429 4311 obscura.
2520 4248 2616 4315 Et
2654 4251 2811 4333 quia

679 4420 756 4477 Et
774 4424 939 4493 quod
957 4429 988 4453 ‘⁸
1004 4424 1248 4497 sanguis
1267 4426 1512 4483 Domini
1532 4428 1564 4449 ’⁹
1578 4430 1880 4501 significet
1900 4430 2189 4489 DIvinum
2208 4434 2431 4493 Verum
2454 4447 2517 4493 et
2534 4436 2808 4495 sanctum

573 4492 712 4618 ‘¹³33
711 4495 827 4619 6011·
823 4506 1024 4617 03735,
1054 4496 1249 4567 49781?
1286 4498 1470 4625 69783.
1502 4513 1660 4570 7317,
1692 4502 1851 4573 7326,
1882 4504 2037 4571 78⁴6.
2072 4506 2227 4577 7850.
2260 4507 2415 4575 7877.
2454 4523 2611 4579 9127.
2650 4525 2809 4581 939³·

749 4606 764 4627 .
898 4580 982 4635 33,
1017 4579 1202 4637 torsa,
1235 4570 1426 4639 ¹0²04[
1488 4572 1724 4641 ¹0²10D·
