3371 5304
1163 655 1320 708 Lux
1365 653 1463 706 BT
1495 651 1755 705 CALOR
1803 651 1887 704 m
1932 649 2211 704 ent-21⁴0,
2730 639 2811 718 83

567 830 802 913 speeie
829 827 1242 910 intelligitur
1271 845 1393 911 per
1413 832 1455 860 ‘⁸
1473 824 1845 902 Verbum,”
1869 825 2175 889 nondum
2209 832 2449 888 notum
2471 829 2603 899 est,
2624 818 2815 887 dice·

567 935 678 991 tur
697 927 928 1008 itaque
955 945 970 986 :
995 923 1304 988 Verbum
1327 922 1421 987 ibi
1445 931 1552 986 est
1575 921 1899 984 Divinum
1916 919 2197 996 Verum,
2212 920 2399 1003 quod
2431 920 2499 984 in
2516 919 2819 984 Domino

567 1029 640 1086 et
687 1041 730 1084 a
775 1020 1076 1084 Domino
1099 1015 1210 1096 ;(”)
1253 1037 1461 1102 quare
1497 1019 1711 1082 etiam
1746 1017 1838 1082 ibi
1882 1025 2167 1082 vocatur
2203 1015 2385 1093 Lux,
2424 1035 2597 1100 quae
2633 1015 2819 1099 quod

569 1117 660 1181 sit
693 1115 1016 1180 Divinum
1041 1113 1323 1190 Verum,
1351 1115 1418 1177 in
1451 1113 2025 1196 praecedentibus
2054 1111 2250 1194 hujus
2280 1111 2547 1176 articuli
2579 1123 2817 1176 osten-

568 1229 718 1275 sum
755 1219 884 1275 est.
974 1207 1179 1290 Quod
1212 1229 1334 1292 per
1365 1209 1687 1272 Divinum
1720 1207 1981 1272 Verum
2012 1208 2244 1272 omnia
2268 1205 2447 1272 sacta
2476 1215 2551 1271 et
2586 1217 2819 1270 creata

569 1307 730 1382 sint,
759 1323 938 1369 nunc
964 1303 1441 1386 explicabitur.
1533 1303 1612 1367 In
1638 1301 1834 1367 caelo
1855 1311 1967 1366 est
1989 1303 2211 1366 omnis
2231 1305 2545 1384 potentia
2566 1303 2819 1366 Divino

571 1401 783 1476 Vero,
829 1409 904 1464 et
948 1400 1208 1482 absque
1251 1399 1375 1463 illo
1418 1409 1526 1463 est
1574 1417 1850 1480 prorsus
1896 1395 2191 1461 nulla.(”)
2280 1396 2543 1462 Omnes
2588 1397 2819 1479 angeli

571 1517 662 1560 ex
724 1496 976 1559 Divino
1019 1513 1186 1558 vero
1227 1505 1566 1558 vocantur
1611 1494 1992 1576 potentiae,
2038 1502 2111 1558 et
2170 1513 2439 1577 quoque
2484 1503 2817 1576 quantum

573 1590 714 1674 ejus
757 1589 1192 1672 receptiones
1251 1609 1370 1652 seu
1429 1589 1869 1671 receptacula
1914 1599 2096 1664 sunt,
2144 1597 2417 1653 tantum
2464 1589 2818 1672 potentiae

573 1695 773 1750 sunt:
821 1685 1060 1750 valent
1100 1703 1221 1767 per
1265 1686 1334 1748 id
1381 1705 1582 1769 super
1617 1685 1900 1760 inferna,
1938 1693 2013 1749 et
2060 1703 2262 1766 super
2297 1705 2539 1748 omnes
2585 1685 2697 1767 qui
2742 1703 2821 1748 se

572 1789 930 1863 opponunt
952 1799 970 1860 3
1009 1781 1198 1844 mille
1221 1781 1462 1844 hostes
1487 1799 1623 1844 non
1645 1781 1991 1844 sustinent
2016 1780 2107 1844 ibi
2132 1796 2337 1844 unum
2362 1781 2623 1844 radium
2650 1779 2819 1843 lucis

576 1875 769 1951 caeli,
808 1895 984 1960 quae
1027 1885 1138 1939 est
1185 1875 1508 1938 Divinum
1547 1894 1803 1939 verum.
1894 1873 2073 1957 Quia
2109 1875 2340 1959 angeli
2385 1884 2543 1940 sunt
2589 1875 2819 1958 angeli

575 1989 666 2035 ex
720 1972 1116 2054 receptione
1178 1970 1408 2034 Divini
1467 1971 1629 2044 veri,
1678 1971 1983 2052 sequitur
2024 1972 2206 2052 quod
2266 1979 2491 2034 totum
2550 1971 2819 2034 caelum

578 2083 716 2129 non
759 2066 1032 2130 aliunde
1070 2067 1182 2140 sit,
1223 2083 1382 2128 nam
1421 2063 1689 2128 caelum
1726 2075 1835 2129 est
1874 2085 1964 2128 ex
2005 2065 2289 2146 angeliS.
2380 2063 2585 2148 Quod
2623 2075 2821 2130 tanta

579 2161 894 2242 potentia
923 2161 1086 2225 insit
1125 2160 1378 2224 Divino
1407 2179 1592 2235 vero,
1627 2179 1765 2222 non
1798 2160 2075 2224 credere
2109 2170 2397 2242 possunt
2430 2161 2550 2248 illi,
2584 2163 2695 2245 qui
2732 2163 2819 2226 de

577 2275 741 2320 vero
786 2273 924 2320 non
971 2255 1174 2318 aliam
1212 2255 1437 2318 ideam
1475 2255 1740 2319 habent
1784 2275 1987 2339 quam
2034 2256 2213 2320 sicut
2258 2257 2345 2320 de
2391 2257 2819 2339 cogitatione

573 2362 691 2416 aut
721 2352 809 2414 de
840 2369 1175 2426 sermone,
1207 2350 1452 2432 quibus
1485 2370 1622 2414 non
1654 2351 1839 2416 inest
1870 2353 2186 2433 potentia
2220 2353 2287 2416 in
2321 2371 2417 2428 se,
2444 2352 2571 2416 nisi
2605 2371 2819 2435 quan-

575 2457 720 2511 tum
779 2445 892 2509 alii
946 2465 1038 2508 ex
1097 2445 1498 2510 obedientia
1541 2445 1844 2525 faciunt3
1913 2447 2036 2510 sed
2100 2447 2353 2510 Divino
2391 2446 2581 2512 Vero
2635 2448 2819 2512 inest

575 2541 890 2622 potentia
921 2541 989 2603 in
1027 2559 1123 2616 se,
1157 2551 1230 2604 et
1264 2540 1424 2604 talis
1456 2541 1796 2623 potentia,
1832 2551 1907 2605 ut
1946 2561 2065 2623 per
2102 2543 2170 2605 id
2204 2551 2505 2606 creatum
2538 2543 2627 2606 sit
2656 2559 2817 2607 cae-

577 2635 718 2700 lum
778 2645 848 2700 et
907 2645 1182 2700 creatus
1241 2637 1329 2701 sit
1385 2635 1699 2711 munduS,
1748 2656 1903 2701 cum
1952 2637 2269 2702 omnibus
2304 2658 2478 2721 quae
2535 2637 2603 2701 in
2664 2637 2816 2702 illis.

577 2730 781 2814 Quod
819 2731 978 2797 talis
1017 2732 1333 2813 potentia
1364 2733 1526 2797 insit
1566 2732 1819 2796 Divino
1855 2754 2041 2807 vero,
2078 2754 2197 2816 per
2234 2735 2429 2797 binas
2462 2752 2817 2815 compara-

574 2830 802 2892 tiones
837 2827 1163 2891 illustrari
1201 2837 1459 2908 potest,
1499 2846 1751 2911 nempe
1789 2846 1911 2910 per
1946 2830 2331 2911 potentiam
2368 2830 2510 2893 veri
2548 2840 2618 2893 et
2658 2830 2821 2893 boni

576 2924 643 2986 in
703 2923 1002 2997 homine,
1051 2932 1122 2986 et
1181 2944 1302 3005 per
1361 2924 1750 3003 potentiam
1796 2923 1966 2988 lucis
2018 2936 2089 2989 et
2143 2924 2390 2989 caloris
2448 2946 2487 2989 e
2546 2924 2691 2989 sole
2752 2926 2819 2989 in

577 3018 854 3082 mundo.
939 3016 1083 3082 Per
1116 3018 1486 3099 potentiam
1529 3018 1684 3083 veri
1728 3028 1793 3083 et
1850 3020 2005 3083 bom·
2054 3020 2127 3083 in
2172 3020 2431 3085 homine
2456 3019 2823 3085 .·—Omnia

577 3130 1019 3197 quaecunque
1063 3112 1274 3177 homo
1319 3114 1489 3195 agit,
1537 3134 1629 3177 ex
1675 3112 2035 3179 intellectu
2086 3126 2159 3180 et
2224 3116 2587 3180 voluntate
2632 3118 2819 3197 agit;

579 3226 669 3271 ex
700 3204 1063 3272 voluntate
1101 3207 1248 3290 agit
1285 3228 1409 3291 per
1443 3210 1723 3285 bonum,
1758 3220 1830 3274 et
1868 3228 1959 3275 ex
1996 3208 2353 3276 intellectu
2390 3230 2512 3293 per
2542 3230 2819 3291 verum3

1377 3411 1456 3461 (u
1481 3418 1678 3452 aucam
1702 3412 2031 3461 emnam)

693 3506 812 3577 (rr)
851 3506 1030 3581 Quod
1054 3516 1086 3539 ¹·
1098 3510 1347 3565 verbum
1370 3508 1484 3565 ”in
1511 3510 1823 3581 Scriptura
1845 3510 2028 3567 Sacra
2050 3512 2214 3568 varia
2237 3513 2568 3586 significet:
2606 3528 2823 3601 nempe

579 3594 934 3641 samonem.
959 3580 1394 3651 cogitationem
1421 3580 1658 3645 mentis,
1685 3596 1927 3638 omnem
1974 3600 2097 3639 rem
2142 3600 2295 3655 quae
2320 3586 2561 3641 realiter
2598 3586 2820 3649 existit.

579 3660 710 3788 {um
751 3650 996 3789 aalissuid,
1021 3666 1092 3707 ac
1135 3652 1198 3706 in
1233 3668 1518 3723 supremo
1560 3670 1741 3709 centu
1790 3652 2081 3709 Divinum
2110 3654 2352 3721 Verum,
2380 3672 2452 3712 ac
2491 3656 2819 3715 Dominum

607 3738 665 3776 n.
691 3736 762 3790 99
799 3734 830 3787 7
862 3762 875 3776 .

687 3789 868 3865 Quod
889 3800 922 3821 ⁴‘
940 3792 1202 3847 Verbum
1220 3792 1254 3815 ’⁹
1272 3794 1570 3865 significet
1597 3794 1885 3851 Divinum
1904 3796 2129 3851 Verum
2150 3798 2231 3867 (n.
2254 3797 2408 3867 2803,
2426 3798 2621 3869 2884st
2640 3798 2821 3871 ²894]-

579 3862 737 3933 4692.
767 3876 920 3931 5075.
989 3876 1109 3929 272,
1135 3864 1340 3949 7830[?,
1357 3866 1515 3950 6869.
1540 3864 1723 3935 93831.
1744 3865 1928 3935 9987).

687 3930 867 4007 Quod
896 3942 928 3963 ⁴·
1004 3936 1215 3990 erbum
1235 3936 1268 3955 ”
1292 3934 1593 4007 significet
1621 3934 1951 3993 Dominum
1982 3939 2062 4009 (n.
2089 3950 2245 4009 2533,
2274 3938 2458 4009 2859).

690 4028 790 4101 (ss)
831 4026 1010 4104 Quod
1054 4030 1346 4088 Divinum
1375 4030 1601 4090 Verum
1633 4034 1966 4106 procedens
2008 4052 2047 4092 a
2090 4034 2354 4093 Domino
2379 4036 2461 4093 sit
2497 4036 2593 4093 cui
2625 4040 2823 4093 omnis

582 4102 854 4173 potentia
885 4105 966 4171 (n.
997 4102 1154 4172 6948,
1187 4104 1368 4173 8200).

688 4170 872 4245 Quod
912 4174 1112 4229 omnis
1183 4176 1418 4231 otentia
1459 4174 1520 4231 ln
1563 4178 1733 4233 caelo
1763 4178 1843 4233 sit
1874 4176 2001 4233 veri
2036 4192 2111 4233 ex
2148 4178 2315 4234 bono
2348 4180 2431 4249 (n.
2468 4194 2625 4249 3091,
2664 4180 2821 4249 3563.

582 4242 742 4313 6344.
771 4242 966 4314 6413ῑΡ
994 4244 1138 4314 6423
1165 4286 1180 4307 .
1211 4246 1366 4315 8394.
1392 4246 1550 4317 9643.
1585 4262 1771 4317 10019.
1804 4248 2016 4318 mih)-

790 4314 870 4369 od
889 4316 1096 4399 ‘angeli
1115 4316 1412 4403 ‘dicantur
1438 4318 1763 4404 potentiae.
1793 4329 1857 4373 et
1884 4334 2124 4391 quoque
2154 4320 2317 4393 quod
2349 4320 2469 4376 sint
2502 4322 2825 4393 potentiae,

583 4400 659 4543 ξ’
672 4386 2371 4582 ffiffitffgeffffissssgissssrft’gffffigiss‘i‘vffli92‘Domino.
2398 4470 2462 4519 et
2490 4464 2651 4535 quod
2688 4464 2827 4520 ideo

585 4530 878 4668 11:605rbo
915 4543 1136 4600 passim
1175 4530 1454 4585 dicantur
1481 4531 1566 4587 dii
1603 4534 1682 4603 (n.
1713 4545 1871 4603 4295.
1897 4546 2055 4601 440²·
2083 4532 2241 4605 8³0¹·
2267 4530 2423 4605 8192,
2448 4535 2642 4605 9398?
2668 4534 2823 4607 7873.
