3371 5304
495 601 506 620 ⁸
569 595 687 676 176
1081 637 1085 641 -
1197 571 1300 656 mss:
1343 602 1597 656 camo
1643 603 1739 654 ET
1788 601 2153 654 mma-No.

551 775 610 842 si
667 774 1030 844 influerent
1083 793 1178 840 ex
1229 793 1354 839 sua
1397 772 1851 856 cogitatione,
1900 772 2111 838 homo
2157 791 2295 836 non
2350 767 2555 836 aliter
2594 769 2805 838 sciret

551 893 764 957 quam
798 873 984 957 quod
1019 892 1194 956 quae
1229 871 1504 936 illorum
1541 881 1728 945 sunt,
1768 889 1891 934 sua
1926 870 2155 936 forent
2194 869 2541 953 (videatur
2574 889 2803 952 supra,

552 991 622 1036 n.
659 969 864 1054 256);
913 969 1038 1036 sed
1075 989 1288 1052 usque
1325 989 1447 1052 per
1482 967 1643 1040 illos
1677 967 1895 1034 influit
1928 968 2111 1050 apud
2145 967 2497 1032 hominem
2532 989 2575 1032 e
2608 968 2807 1033 caelo

551 1067 822 1135 affectio
850 1087 1028 1151 quae
1065 1078 1176 1132 est
1211 1067 1463 1132 amoris
1494 1067 1658 1132 boni
1694 1075 1769 1130 et
1805 1067 1969 1141 veri,
2003 1076 2077 1130 et
2114 1085 2207 1130 ex
2244 1065 2509 1130 inferno
2537 1063 2805 1130 affectio

549 1187 729 1250 quae
771 1175 884 1230 est
927 1166 1182 1230 amoris
1228 1163 1390 1230 mali
1449 1175 1522 1230 et
1579 1162 1781 1242 falsi;
1844 1174 2180 1246 quantum
2226 1164 2462 1246 itaque
2504 1163 2805 1228 hominis

551 1260 822 1328 affectio
859 1263 1242 1330 concordat
1288 1281 1444 1328 cum
1491 1259 1612 1324 illa
1655 1281 1833 1344 quae
1876 1259 2121 1337 influit,
2161 1270 2439 1326 tantum
2476 1262 2804 1344 recipitur

551 1361 642 1424 ab
676 1360 800 1426 illo
844 1361 912 1424 in
958 1381 1085 1426 sua
1118 1360 1572 1442 cogitatione,
1609 1377 1771 1424 nam
1808 1358 2097 1423 interior
2134 1359 2475 1441 cogitatio
2512 1359 2805 1423 hominis

549 1469 663 1522 est
692 1478 970 1542 prorsus
1000 1458 1380 1524 secundum
1405 1454 1554 1537 ejus
1581 1453 2014 1522 affeffionem
2048 1477 2169 1520 seu
2192 1476 2499 1520 amorem
2524 1478 2541 1534 ;
2586 1477 2804 1539 quan-

549 1565 697 1620 tum
744 1565 982 1634 autem
1031 1575 1170 1620 non
1219 1555 1630 1628 concordat,
1679 1563 1956 1620 tantum
2012 1573 2151 1617 non
2204 1554 2581 1636 recipitur:
2646 1555 2803 1619 inde

549 1663 772 1736 patet,
813 1654 972 1737 quia
1007 1673 1148 1718 non
1185 1651 1474 1716 infertur
1510 1652 1853 1734 cogitatio
1890 1653 2073 1735 apud
2110 1651 2461 1716 hominem
2499 1671 2621 1733 per
2662 1654 2799 1734 spi-

547 1752 744 1826 ritus,
777 1751 902 1816 sed
933 1751 1156 1816 solum
1187 1747 1458 1814 affectio
1489 1749 1656 1814 boni
1685 1759 1759 1814 et
1796 1747 2069 1815 affectio
2104 1749 2293 1824 mali,
2322 1750 2511 1832 quod
2545 1749 2803 1814 homini

549 1850 639 1913 sit
677 1847 950 1925 electio,
987 1849 1150 1932 quia
1185 1847 1497 1922 liberum,
1539 1849 1642 1912 ita
1675 1847 1863 1929 quod
1900 1847 2121 1930 possi-t
2160 1847 2595 1929 cogitatione
2630 1851 2803 1913 reci·

548 1966 712 2028 pere
749 1947 1008 2012 bonum
1051 1955 1132 2012 et
1175 1945 1453 2026 rejicere
1489 1943 1793 2023 malum
1849 1964 2011 2009 nam
2048 1945 2185 2010 scit
2218 1945 2385 2028 quid
2428 1947 2683 2011 bonnm
2727 1957 2799 2010 et

547 2043 712 2127 quid
750 2043 1008 2108 malum
1043 2065 1136 2108 ex
1169 2041 1407 2108 Verbo
1435 2063 1449 2106 :
1499 2043 1689 2125 quod
1722 2043 1967 2126 recipit
1999 2043 2433 2126 cogitatione
2468 2063 2561 2108 ex
2598 2042 2801 2108 affec·

548 2143 763 2217 tione,
801 2141 936 2209 hoc
982 2143 1193 2206 etiarn
1231 2141 1715 2223 appropriatur
1756 2141 1841 2214 ei,
1880 2140 2069 2224 quod
2106 2151 2341 2206 autem
2379 2160 2519 2205 non
2556 2142 2799 2224 recipit

548 2239 984 2322 cogitatione
1030 2259 1122 2302 ex
1175 2235 1558 2312 affecti-one,
1607 2237 1741 2302 hoc
1802 2257 1941 2302 non
1986 2239 2469 2321 appropriatur
2511 2239 2596 2302 ei.
2688 2239 2801 2302 Ex

547 2335 659 2402 his
692 2347 1015 2404 constare
1049 2343 1288 2418 potest
1319 2335 1550 2417 qualis
1579 2347 1689 2400 ωε
1728 2335 2025 2400 influxus
2054 2336 2217 2400 boni
2252 2357 2293 2400 e
2328 2336 2547 2412 caelo,
2580 2355 2661 2400 ac
2698 2337 2801 2399 in-

547 2433 777 2500 fluxus
811 2434 978 2498 mali
1011 2454 1104 2500 ex
1141 2432 1409 2498 inferno
1443 2433 1626 2516 apud
1662 2433 2036 2498 hominem.

673 2546 880 2612 299·
940 2530 1199 2596 Datum
1248 2531 1462 2596 etiam
1505 2540 1618 2596 est
1671 2531 1869 2606 scire,
1918 2531 2101 2594 unde
2146 2530 2408 2596 homini
2454 2532 2799 2601 anxietas,

546 2630 748 2695 dolor
783 2629 992 2695 animi
1030 2648 1110 2694 ac
1152 2628 1439 2694 tristitia
1468 2628 1753 2693 interior
1787 2648 1963 2712 quae
2000 2628 2463 2694 melancholia
2492 2640 2802 2695 vocatur.

549 2728 726 2793 Sunt
773 2728 1055 2809 spiritus
1106 2727 1222 2810 qui
1281 2726 1590 2791 nondum
1645 2728 1715 2791 in
1774 2724 2261 2808 conjunffione
2328 2746 2483 2791 cum
2536 2727 2800 2792 inferno

467 2882 477 2895 .
547 2835 734 2900 sunt,
765 2826 930 2908 quia
960 2823 1186 2889 adhuc
1221 2825 1294 2887 in
1331 2824 1553 2906 primo
1589 2845 1715 2889 suo
1746 2833 1961 2900 statu,
1996 2825 2087 2889 de
2122 2825 2365 2908 quibus
2399 2826 2469 2889 in
2506 2846 2801 2909 sequen—

550 2924 758 2997 tibus,
793 2922 914 2985 ubi
952 2923 1042 2987 de
1077 2921 1344 2987 Mundo
1389 2920 1787 3004 spirituum,
1826 2923 2137 2987 dicetur:
2194 2922 2296 2985 illi
2338 2932 2579 2987 amant
2624 2924 2803 2988 indi·

548 3030 752 3102 gesta
797 3030 871 3084 et
931 3018 1261 3102 maligna,
1300 3019 1530 3103 qualia
1574 3029 1737 3083 sunt
1782 3020 2331 3085 sordescentium
2379 3021 2685 3085 ciborum
2730 3023 2799 3085 in

547 3117 979 3195 ventriculo;
1044 3127 1469 3201 quapropter
1513 3119 1768 3182 adsunt
1816 3117 1930 3181 ubi
1977 3117 2147 3182 talia
2192 3119 2373 3205 apud
2427 3119 2795 3191 hominem.

545 3216 706 3299 quia
749 3214 872 3279 illa
917 3216 998 3278 iis
1045 3226 1208 3279 sunt
1247 3214 1571 3297 jucunda,
1617 3235 1699 3279 ac
1746 3216 1928 3281 inter
1984 3237 2059 3281 se
2120 3237 2212 3282 ex
2272 3236 2395 3281 sua
2438 3214 2799 3282 affectione

548 3312 734 3377 mala
777 3313 868 3377 ibi
917 3312 1307 3395 loquuntur.
1397 3310 1702 3377 Affectio
1736 3312 2057 3396 loquelae
2094 3332 2334 3377 eorum
2376 3314 2593 3379 influit
2638 3316 2799 3379 inde

547 3410 728 3493 apud
789 3408 1164 3485 hominem,
1220 3430 1394 3493 quae
1450 3408 1719 3474 affectio
1773 3411 1831 3474 si
1890 3413 2237 3476 contraria
2295 3421 2403 3476 est
2459 3408 2799 3477 affectioni

544 3508 868 3583 hominis,
903 3506 980 3573 fit
1017 3510 1080 3571 ei
1119 3509 1402 3572 tristitia
1433 3517 1508 3572 et
1537 3510 1863 3573 anxietas
1888 3508 2431 3587 melancholica:
2478 3510 2541 3573 si
2567 3520 2797 3575 autem

545 3606 897 3679 convenit,
949 3604 1025 3669 fit
1085 3606 1148 3669 ei
1211 3605 1484 3669 laetitia
1549 3616 1622 3670 et
1690 3606 2021 3671 hilaritas,
2112 3604 2223 3671 Illi
2276 3608 2556 3691 spiritus
2596 3606 2799 3690 juxta

545 3702 1004 3767 ventriculum
1043 3712 1422 3786 apparent;
1471 3704 1749 3787 quidam
1794 3704 1883 3769 ad
1932 3706 2275 3770 sinistrum
2314 3703 2483 3786 ejus,
2520 3706 2795 3789 quidam

545 3800 644 3864 ad·
666 3801 996 3865 dextrum
1021 3800 1206 3881 ejus;
1255 3802 1533 3884 quidam
1565 3802 1861 3878 inferiuS,
1886 3803 2165 3886 quidam
2192 3804 2494 3885 superius
2524 3825 2541 3883 ;
2588 3804 2797 3869 etiarn

545 3898 823 3981 propius
855 3908 928 3963 et
959 3900 1334 3977 remotius;
1381 3900 1480 3965 ita
1504 3900 1689 3965 varie
1715 3902 2091 3965 secundum
2119 3898 2517 3966 affectiones
2550 3901 2619 3965 in
2650 3902 2797 3985 qui·

544 3996 672 4058 bus
717 4006 899 4061 sunt.
990 3992 1194 4077 Quod
1234 3997 1394 4061 inde
1427 3999 1751 4062 anxietas
1782 3999 1993 4062 animi
2024 4000 2137 4071 sit,
2176 4020 2271 4063 ex
2308 3997 2481 4082 pluri
2520 3999 2797 4081 experi-

545 4094 736 4158 entia
765 4094 942 4158 scire
974 4104 1048 4157 et
1079 4092 1464 4159 confirmari
1497 4094 1737 4159 datum
1771 4106 1879 4160 est
1910 4118 1926 4175 ;
1972 4098 2110 4160 vidi
2142 4097 2323 4171 illos,
2358 4096 2585 4160 audivi
2618 4096 2795 4167 illos.

547 4192 732 4257 sensi
777 4193 1180 4257 anxietates
1225 4193 1315 4256 ab
1359 4192 1492 4257 illis
1538 4193 1885 4269 subortaS‚
1926 4194 2201 4259 loeutus
2244 4214 2395 4261 sum
2440 4214 2602 4259 cum
2636 4193 2795 4265 illis.

545 4286 771 4355 abacti
803 4299 964 4355 sunt
997 4300 1068 4355 et
1105 4289 1401 4355 cessavit
1435 4292 1783 4368 anxietas,
1818 4293 2168 4358 redierunt
2206 4302 2279 4357 et
2314 4293 2521 4357 rediit
2556 4292 2797 4356 anxie·

548 4396 682 4461 ta3‚
727 4398 802 4451 et
847 4389 1213 4472 appercepi
1261 4389 1765 4453 incrementum
1812 4400 1885 4455 et
1932 4391 2453 4455 decrementum
2499 4390 2642 4473 ejus
2672 4410 2797 4481 ,se-

549 4485 846 4549 cundum
885 4506 1118 4550 eorum
1157 4487 1896 4570 appropinquationem
1936 4498 2009 4553 et
2054 4490 2537 4553 remotionem.
2628 4488 2803 4553 Inde

549 4582 774 4665 patuit
812 4582 999 4659 mihi,
1041 4584 1222 4648 unde
1269 4594 1400 4658 est,
1441 4585 1621 4665 quod
1671 4586 1975 4666 quidam.
2016 4589 2127 4665 qui
2176 4606 2313 4651 non
2362 4588 2589 4651 sciunt
2636 4586 2801 4670 quid
