3371 5304
936 638 1036 690 DE
1080 636 1377 689 GAUDIO
1421 636 1519 687 ET
1566 634 2026 687 FELICITATE
2069 634 2408 685 CAELI-:ST
2415 634 2458 683 1.
2693 635 2809 701 251

568 806 849 875 olfactui
885 828 977 874 ex
1014 806 1390 884 odoriferis,
1430 806 1663 890 gustui
1709 826 1802 871 ex
1848 805 2126 889 sapidis.
2213 804 2422 881 Usus,
2463 824 2636 887 quos
2673 804 2813 867 sin-

567 906 711 990 guli
742 914 1117 989 praestant,
1152 906 1380 970 sciunt
1414 906 1529 988 qui
1565 904 1996 987 expendunt,
2029 912 2103 967 et
2140 902 2408 987 plenius
2438 904 2552 985 qui
2583 922 2813 967 corre·

566 1002 1019 1087 spondentias
1050 1011 1326 1067 norunt.
1416 1000 1622 1083 Quod
1653 1003 1822 1065 visui
1851 1001 1994 1065 tale
2023 1000 2398 1082 jucundum
2429 1001 2544 1076 sit,
2577 1009 2688 1064 est
2721 1020 2814 1064 ex

568 1122 689 1165 usu
720 1121 923 1187 quem
954 1110 1268 1184 praestat
1298 1096 1701 1176 intellectui,
1737 1100 1849 1183 qui
1881 1108 1990 1163 est
2013 1099 2537 1163 visus‘internus
2564 1118 2582 1177 3
2627 1098 2812 1181 quod

566 1199 827 1264 auditui
886 1198 1030 1263 tale
1071 1197 1445 1280 jucundum
1499 1198 1614 1272 sit,
1652 1206 1764 1261 est
1817 1190 1910 1261 e'x
1955 1216 2080 1260 usu
2126 1215 2330 1278 quem
2383 1204 2694 1278 praestat
2738 1205 2812 1260 et

564 1294 948 1361 intellectui
986 1305 1058 1360 et
1095 1295 1443 1360 voluntati
1481 1314 1602 1378 per
1636 1294 2266 1373 auscultationem3
2315 1293 2498 1376 quod
2537 1290 2814 1358 olfactui

565 1394 709 1459 tale
746 1393 1120 1476 jucundum
1166 1394 1281 1470 sit,
1320 1400 1431 1457 est
1476 1412 1569 1456 ex
1616 1412 1740 1455 usu
1799 1410 2002 1475 quem
2053 1400 2362 1475 praestat
2409 1391 2692 1455 cerebro
2736 1400 2812 1455 et

565 1512 834 1576 quoque
880 1490 1235 1574 pulmoni;
1301 1490 1487 1573 quod
1534 1491 1770 1572 gustui
1817 1489 1960 1555 tale
1999 1488 2374 1571 jucundum
2420 1490 2532 1565 sit,
2572 1497 2682 1553 est
2719 1508 2810 1551 ex

565 1608 689 1651 usu
744 1608 947 1673 quem
1002 1596 1313 1670 praestat
1356 1587 1748 1652 ventriculo
1799 1597 1872 1651 et
1919 1586 2084 1651 inde
2133 1582 2460 1650 'universo
2516 1587 2806 1667 corpori,

566 1687 933 1750 nutriendo
962 1685 1173 1765 illud;
1226 1684 1599 1766 jucundum
1635 1684 2044 1767 conjugiale,
2079 1683 2260 1767 quod
2298 1692 2407 1748 est
2438 1682 2809 1765 jucundum

564 1784 791 1867 purius
828 1793 902 1847 et
939 1783 1347 1866 exquisitius
1384 1780 1633 1858 tactus,
1674 1782 2138 1864 praestantius
2176 1790 2287 1846 est
2323 1781 2638 1846 omnibus
2673 1780 2810 1843 illis

564 1881 657 1944 ob
720 1900 938 1958 usum,
999 1882 1111 1963 qui
1174 1890 1286 1945 est
1351 1881 1742 1963 procreatio
1808 1878 2081 1962 generis
2145 1878 2448 1954 humani,
2509 1888 2583 1943 et
2627 1878 2809 1941 inde

562 1977 967 2059 angelorum
1014 1977 1209 2043 caeli.
1300 1976 1494 2042 Haec
1544 1976 1847 2060 jucunda
1890 1976 2024 2040 illis
2069 1977 2394 2041 sensoriis
2438 1976 2670 2040 insunt
2717 1997 2808 2040 ex

563 2074 825 2165 influxu
868 2074 1065 2152 caeli,
1104 2076 1217 2139 ubi
1262 2094 1469 2139 omne
1508 2074 1881 2157 jucundum
1927 2083 2038 2139 est
2090 2094 2271 2151 usuS,
2309 2082 2384 2138 et
2433 2074 2808 2138 secundum

564 2191 779 2236 usum.

686 2282 895 2353 403.
956 2268 1253 2351 Quidam
1298 2270 1599 2352 spirituS,
1640 2289 1733 2335 ex
1790 2269 2115 2352 opinione
2159 2270 2229 2333 in
2275 2268 2536 2333 mundo
2579 2278 2804 2352 capta,

561 2367 999 2431 crediderunt
1058 2367 1241 2451 quod
1305 2367 1603 2432 felicitas
1661 2366 1985 2431 caelestis
2040 2367 2458 2431 consisteret
2527 2366 2595 2431 in
2664 2367 2838 2449 vita,

562 2464 806 2540 otiosa,
842 2465 913 2528 in
966 2484 1101 2548 qua
1149 2466 1534 2529 serviantur
1580 2465 1669 2530 ab
1722 2462 1914 2542 aliis;
1985 2465 2108 2529 sed
2166 2464 2306 2529 illis
2363 2462 2618 2529 dictum
2671 2476 2804 2538 est,

560 2562 745 2644 quod
778 2580 1111 2646 nusquam
1143 2562 1373 2645 aliqua
1404 2561 1698 2626 felicitas
1727 2563 2070 2627 consistat
2107 2561 2176 2627 in
2209 2582 2295 2626 eo
2319 2571 2394 2624 ut
2425 2562 2804 2644 quiescant,

560 2669 635 2722 et
691 2659 853 2724 inde
904 2659 1210 2725 habeant
1267 2660 1719 2738 felicitatem;
1786 2661 1888 2724 ita
1942 2661 2226 2745 quisque
2283 2658 2500 2724 vellet
2551 2658 2806 2724 habere

560 2757 967 2821 felicitatem
998 2757 1287 2822 aliorum
1320 2779 1443 2840 pro
1473 2777 1569 2834 se,
1597 2768 1671 2822 et
1705 2776 1860 2822 cum
1884 2759 2186 2840 quisque,
2215 2756 2442 2821 nullus
2472 2756 2762 2821 haberet
2789 2778 2803 2820 :

559 2853 721 2918 talis
750 2855 897 2919 vita
927 2853 1103 2919 foret
1138 2874 1275 2919 non
1316 2853 1542 2920 activa
1570 2855 1694 2918 sed
1727 2857 1977 2930 otiosa,
2015 2857 2084 2918 in
2116 2875 2248 2938 qua
2280 2864 2757 2937 torpescerent
2789 2877 2804 2932 ;

560 2969 717 3014 cum
752 2959 993 3016 tamen
1029 2963 1273 3016 notum
1312 2954 1393 3016 iis
1424 2973 1577 3016 esse
1616 2954 1860 3036 possit,
1901 2953 2086 3036 quod
2117 2953 2377 3036 absque
2406 2953 2553 3017 vita
2583 2949 2808 3016 activa

562 3047 751 3112 nulla
802 3049 985 3113 vitae
1036 3047 1353 3126 felicitas,
1395 3061 1469 3115 et
1521 3051 1708 3134 quod
1762 3052 1978 3115 otium
2032 3047 2176 3132 ejus
2215 3051 2401 3114 vitae
2454 3051 2544 3114 sit
2595 3051 2806 3113 modo

560 3147 1003 3210 recreationis
1036 3165 1265 3224 causa,
1300 3158 1375 3212 ut
1406 3147 1698 3212 alacrior
1727 3148 1816 3212 ad
1848 3145 2146 3212 activum
2161 3167 2323 3212 suae
2341 3150 2525 3212 vitae
2546 3148 2805 3212 redeat.

561 3240 741 3308 Dein
778 3243 1015 3308 multis
1050 3254 1409 3310 ostensum
1454 3255 1586 3321 est,
1620 3246 1805 3329 quod
1837 3247 1983 3310 vita
2012 3244 2332 3328 angelica
2359 3247 2700 3310 consistat
2737 3245 2804 3308 in

560 3342 993 3424 praestandis
1023 3343 1224 3406 bonis
1254 3343 1635 3420 charitatis,
1670 3362 1847 3427 quae
1875 3353 2037 3408 sunt
2068 3363 2249 3416 usus,
2277 3353 2349 3406 et
2374 3343 2557 3425 quod
2583 3343 2806 3406 omnis

558 3437 855 3503 felicitas
906 3440 1175 3522 angelis
1232 3441 1325 3505 sit
1376 3441 1447 3504 in
1502 3460 1647 3516 usu,
1687 3461 1780 3505 ex
1834 3461 1981 3516 usu,
2029 3449 2101 3504 et
2161 3440 2536 3504 secundum
2591 3461 2804 3504 usum.

562 3533 697 3617 Qui
733 3536 946 3601 talem
979 3538 1205 3602 ideam
1241 3538 1651 3614 habuerunt,
1690 3539 1874 3622 quod
1921 3539 2246 3621 gaudium
2293 3537 2599 3602 caeleste
2637 3557 2803 3602 con-

560 3633 838 3696 sisteret
884 3633 952 3695 in
990 3653 1097 3709 eo,
1136 3645 1215 3698 ut
1259 3634 1467 3698 otiosi
1498 3635 1834 3710 viverent,
1875 3635 2293 3718 respirantes
2338 3635 2406 3696 in
2451 3635 2599 3698 otio
2636 3653 2804 3714 gau·

559 3729 745 3792 dium
783 3739 1167 3807 aeternum,
1208 3741 1283 3795 ut
1331 3729 1780 3815 pudefierent,
1821 3732 2061 3796 datum
2100 3741 2250 3796 erat
2284 3731 2419 3794 illis
2457 3731 2805 3815 percipere

558 3825 777 3910 qualis
807 3829 955 3890 vita
985 3827 1188 3906 talis;
1236 3838 1308 3892 et
1340 3837 1671 3912 percepta
1703 3838 1811 3893 est
1849 3829 2032 3912 quod
2063 3829 2481 3905 tristissima,
2516 3837 2588 3893 et
2619 3829 2804 3911 quod

560 3934 893 4004 pereunte
957 3928 1055 3991 sic
1122 3927 1312 3990 omni
1377 3927 1651 4008 gaudio,
1720 3936 1882 4010 post
1953 3944 2246 4010 paucum
2312 3935 2585 4008 tempus
2651 3945 2804 3990 eam

556 4019 948 4087 fastidirent
984 4031 1059 4087 et
1096 4033 1526 4088 nausearent.

684 4133 896 4204 404.
955 4117 1245 4203 Spiritus
1312 4121 1427 4205 qui
1493 4141 1567 4184 se
1632 4119 2013 4185 credebant
2085 4117 2559 4186 instructiores
2629 4119 2802 4195 aliis,

559 4213 883 4280 dicebant
940 4217 1123 4302 quod
1184 4216 1353 4282 fides
1398 4218 1668 4283 illorum
1714 4219 1916 4283 fuerit
1963 4221 2030 4282 in
2079 4219 2354 4293 mundo,
2403 4218 2586 4301 quod
2635 4239 2801 4300 gau-

558 4311 743 4376 dium
802 4313 1109 4380 caeleste
1168 4317 1586 4381 consisteret
1642 4318 1712 4380 in
1765 4335 1850 4380 eo
1895 4315 2141 4392 solum,
2181 4325 2255 4381 ut
2315 4315 2677 4380 laudarent
2733 4325 2803 4379 et

557 4407 991 4476 celebrarent
1028 4411 1277 4488 Deum,
1316 4421 1388 4477 et
1421 4413 1605 4497 quod
1650 4433 1735 4478 ea
1780 4423 1968 4478 esset
2006 4413 2152 4478 vita
2187 4411 2450 4490 ειξὶίνεις
2511 4412 2634 4476 sed
2671 4411 2803 4476 illis

558 4503 815 4570 dictum
854 4517 985 4584 est,
1024 4510 1207 4594 quod
1256 4509 1535 4575 laudare
1570 4520 1643 4575 et
1682 4510 2030 4575 celebrare
2077 4511 2300 4574 Deum
2341 4529 2478 4573 non
2517 4511 2606 4574 sit
2644 4510 2802 4575 talis

558 4603 703 4668 vita
761 4601 1005 4681 activa,
1054 4615 1127 4671 et
1185 4608 1367 4689 quod
1424 4607 1613 4673 Deus
1671 4626 1799 4673 nec
1855 4628 2026 4691 opus
2069 4607 2326 4673 habeat
2373 4605 2686 4671 laudibus
2733 4619 2800 4670 et
