<?xml version="1.0" encoding="UTF-8"?>
<!DOCTYPE html PUBLIC "-//W3C//DTD XHTML 1.0 Transitional//EN"
    "http://www.w3.org/TR/xhtml1/DTD/xhtml1-transitional.dtd">
<html xmlns="http://www.w3.org/1999/xhtml" xml:lang="en" lang="en">
 <head>
  <title>
</title>
<meta http-equiv="Content-Type" content="text/html;charset=utf-8" />
  <meta name='ocr-system' content='tesseract 3.04.00' />
  <meta name='ocr-capabilities' content='ocr_page ocr_carea ocr_par ocr_line ocrx_word'/>
</head>
<body>
  <div class='ocr_page' id='page_1' title='image "./exauditisetvisi00swedgoog_0192.png"; bbox 0 0 3371 5304; ppageno 0'>
   <div class='ocr_carea' id='block_1_1' title="bbox 581 579 2164 641">
    <p class='ocr_par' dir='ltr' id='par_1_1' title="bbox 581 579 2164 641">
     <span class='ocr_line' id='line_1_1' title="bbox 581 579 2164 641; baseline -0.006 0"><span class='ocrx_word' id='word_1_1' title='bbox 581 579 704 641; x_wconf 84' lang='lat'>186</span> <span class='ocrx_word' id='word_1_2' title='bbox 1211 584 1314 638; x_wconf 71' lang='lat' dir='ltr'>ms</span> <span class='ocrx_word' id='word_1_3' title='bbox 1356 582 1609 638; x_wconf 68' lang='lat' dir='ltr'>CAELO</span> <span class='ocrx_word' id='word_1_4' title='bbox 1654 583 1753 634; x_wconf 80' lang='grc' dir='ltr'>ΕΤ</span> <span class='ocrx_word' id='word_1_5' title='bbox 1801 582 2164 636; x_wconf 68' lang='lat' dir='ltr'><strong>mmmm.</strong></span> 
     </span>
    </p>
   </div>
   <div class='ocr_carea' id='block_1_2' title="bbox 552 753 2805 3019">
    <p class='ocr_par' dir='ltr' id='par_1_2' title="bbox 553 753 2805 2731">
     <span class='ocr_line' id='line_1_2' title="bbox 573 753 2803 840; baseline 0.002 -22"><span class='ocrx_word' id='word_1_6' title='bbox 573 754 767 836; x_wconf 89' lang='lat' dir='ltr'>plura</span> <span class='ocrx_word' id='word_1_7' title='bbox 801 753 890 819; x_wconf 91' lang='lat' dir='ltr'>de</span> <span class='ocrx_word' id='word_1_8' title='bbox 931 753 1128 820; x_wconf 87' lang='lat' dir='ltr'>caelo</span> <span class='ocrx_word' id='word_1_9' title='bbox 1169 764 1242 820; x_wconf 89' lang='lat' dir='ltr'>et</span> <span class='ocrx_word' id='word_1_10' title='bbox 1286 773 1556 838; x_wconf 86' lang='lat' dir='ltr'>quoque</span> <span class='ocrx_word' id='word_1_11' title='bbox 1587 753 1689 820; x_wconf 77' lang='lat' dir='ltr'>de</span> <span class='ocrx_word' id='word_1_12' title='bbox 1734 753 2018 830; x_wconf 86' lang='lat' dir='ltr'>inferno,</span> <span class='ocrx_word' id='word_1_13' title='bbox 2058 763 2132 818; x_wconf 91' lang='lat' dir='ltr'>et</span> <span class='ocrx_word' id='word_1_14' title='bbox 2174 774 2297 838; x_wconf 87' lang='lat' dir='ltr'>per</span> <span class='ocrx_word' id='word_1_15' title='bbox 2338 753 2431 832; x_wconf 90' lang='lat' dir='ltr'>id,</span> <span class='ocrx_word' id='word_1_16' title='bbox 2468 766 2803 840; x_wconf 87' lang='lat' dir='ltr'>quantum</span> 
     </span>
     <span class='ocr_line' id='line_1_3' title="bbox 576 850 2798 934; baseline 0.002 -21"><span class='ocrx_word' id='word_1_17' title='bbox 576 850 901 933; x_wconf 86' lang='lat' dir='ltr'>possibile</span> <span class='ocrx_word' id='word_1_18' title='bbox 946 860 1077 927; x_wconf 89' lang='lat' dir='ltr'>est,</span> <span class='ocrx_word' id='word_1_19' title='bbox 1128 852 1470 915; x_wconf 86' lang='lat' dir='ltr'>discutere</span> <span class='ocrx_word' id='word_1_20' title='bbox 1515 850 1860 924; x_wconf 86' lang='lat' dir='ltr'>tenebras,</span> <span class='ocrx_word' id='word_1_21' title='bbox 1903 872 2076 934; x_wconf 91' lang='lat' dir='ltr'>quae</span> <span class='ocrx_word' id='word_1_22' title='bbox 2118 851 2343 916; x_wconf 81' lang='lat' dir='ltr'>indies</span> <span class='ocrx_word' id='word_1_23' title='bbox 2385 852 2798 928; x_wconf 85' lang='lat' dir='ltr'>increscunt,</span> 
     </span>
     <span class='ocr_line' id='line_1_4' title="bbox 572 944 2805 1030; baseline 0.003 -24"><span class='ocrx_word' id='word_1_24' title='bbox 572 947 730 1028; x_wconf 89' lang='lat' dir='ltr'>quia</span> <span class='ocrx_word' id='word_1_25' title='bbox 765 944 1060 1010; x_wconf 89' lang='lat' dir='ltr'>ecclesia</span> <span class='ocrx_word' id='word_1_26' title='bbox 1103 945 1192 1009; x_wconf 89' lang='lat' dir='ltr'>ad</span> <span class='ocrx_word' id='word_1_27' title='bbox 1245 966 1437 1010; x_wconf 89' lang='lat' dir='ltr'>suum</span> <span class='ocrx_word' id='word_1_28' title='bbox 1473 945 1678 1012; x_wconf 85' lang='lat' dir='ltr'>finem</span> <span class='ocrx_word' id='word_1_29' title='bbox 1724 948 2055 1030; x_wconf 87' lang='lat' dir='ltr'>pervenit.</span> <span class='ocrx_word' id='word_1_30' title='bbox 2154 945 2385 1028; x_wconf 84' lang='lat' dir='ltr'>Quare</span> <span class='ocrx_word' id='word_1_31' title='bbox 2420 948 2685 1024; x_wconf 86' lang='lat' dir='ltr'>volunt,</span> <span class='ocrx_word' id='word_1_32' title='bbox 2726 960 2805 1012; x_wconf 88' lang='lat' dir='ltr'>ut</span> 
     </span>
     <span class='ocr_line' id='line_1_5' title="bbox 573 1040 2803 1125; baseline 0 -19"><span class='ocrx_word' id='word_1_33' title='bbox 573 1061 666 1106; x_wconf 81' lang='lat' dir='ltr'>ex</span> <span class='ocrx_word' id='word_1_34' title='bbox 705 1061 823 1104; x_wconf 88' lang='lat' dir='ltr'>ore</span> <span class='ocrx_word' id='word_1_35' title='bbox 857 1040 1128 1104; x_wconf 84' lang='lat' dir='ltr'>illorum</span> <span class='ocrx_word' id='word_1_36' title='bbox 1165 1061 1576 1118; x_wconf 83' lang='lat' dir='ltr'>asseverem,</span> <span class='ocrx_word' id='word_1_37' title='bbox 1617 1042 1802 1125; x_wconf 91' lang='lat' dir='ltr'>quod</span> <span class='ocrx_word' id='word_1_38' title='bbox 1840 1043 1907 1106; x_wconf 89' lang='lat' dir='ltr'>in</span> <span class='ocrx_word' id='word_1_39' title='bbox 1946 1043 2266 1106; x_wconf 86' lang='lat' dir='ltr'>universo</span> <span class='ocrx_word' id='word_1_40' title='bbox 2300 1041 2498 1106; x_wconf 91' lang='lat' dir='ltr'>caelo</span> <span class='ocrx_word' id='word_1_41' title='bbox 2534 1063 2675 1106; x_wconf 88' lang='lat' dir='ltr'>non</span> <span class='ocrx_word' id='word_1_42' title='bbox 2712 1045 2803 1107; x_wconf 88' lang='lat' dir='ltr'>sit</span> 
     </span>
     <span class='ocr_line' id='line_1_6' title="bbox 573 1136 2803 1220; baseline -0 -20"><span class='ocrx_word' id='word_1_43' title='bbox 573 1156 745 1200; x_wconf 86' lang='lat' dir='ltr'>unus</span> <span class='ocrx_word' id='word_1_44' title='bbox 777 1136 1066 1218; x_wconf 86' lang='lat' dir='ltr'>angelus</span> <span class='ocrx_word' id='word_1_45' title='bbox 1111 1136 1226 1220; x_wconf 87' lang='lat' dir='ltr'>qui</span> <span class='ocrx_word' id='word_1_46' title='bbox 1276 1158 1319 1201; x_wconf 87' lang='lat' dir='ltr'>a</span> <span class='ocrx_word' id='word_1_47' title='bbox 1374 1137 2018 1219; x_wconf 81' lang='lat' dir='ltr'>principio-creatus</span> <span class='ocrx_word' id='word_1_48' title='bbox 2063 1145 2193 1212; x_wconf 87' lang='lat' dir='ltr'>est,</span> <span class='ocrx_word' id='word_1_49' title='bbox 2233 1156 2359 1200; x_wconf 90' lang='lat' dir='ltr'>nec</span> <span class='ocrx_word' id='word_1_50' title='bbox 2418 1137 2487 1201; x_wconf 86' lang='lat' dir='ltr'>in</span> <span class='ocrx_word' id='word_1_51' title='bbox 2538 1136 2803 1201; x_wconf 85' lang='lat' dir='ltr'>inferno</span> 
     </span>
     <span class='ocr_line' id='line_1_7' title="bbox 569 1229 2801 1318; baseline -0.001 -22"><span class='ocrx_word' id='word_1_52' title='bbox 569 1232 811 1315; x_wconf 87' lang='lat' dir='ltr'>aliquis</span> <span class='ocrx_word' id='word_1_53' title='bbox 848 1231 1158 1295; x_wconf 86' lang='lat' dir='ltr'>diabolus</span> <span class='ocrx_word' id='word_1_54' title='bbox 1203 1233 1317 1314; x_wconf 90' lang='lat' dir='ltr'>qui</span> <span class='ocrx_word' id='word_1_55' title='bbox 1359 1242 1633 1295; x_wconf 88' lang='lat' dir='ltr'>creatus</span> <span class='ocrx_word' id='word_1_56' title='bbox 1670 1231 1838 1294; x_wconf 88' lang='lat' dir='ltr'>lucis</span> <span class='ocrx_word' id='word_1_57' title='bbox 1876 1230 2165 1318; x_wconf 86' lang='lat' dir='ltr'>angelus</span> <span class='ocrx_word' id='word_1_58' title='bbox 2202 1241 2275 1295; x_wconf 91' lang='lat' dir='ltr'>et</span> <span class='ocrx_word' id='word_1_59' title='bbox 2313 1229 2637 1312; x_wconf 65' lang='lat' dir='ltr'>dejectus,</span> <span class='ocrx_word' id='word_1_60' title='bbox 2676 1231 2801 1296; x_wconf 90' lang='lat' dir='ltr'>sed</span> 
     </span>
     <span class='ocr_line' id='line_1_8' title="bbox 568 1325 2803 1411; baseline 0 -21"><span class='ocrx_word' id='word_1_61' title='bbox 568 1328 749 1411; x_wconf 89' lang='lat' dir='ltr'>quod</span> <span class='ocrx_word' id='word_1_62' title='bbox 782 1345 1022 1390; x_wconf 85' lang='lat' dir='ltr'>omnes</span> <span class='ocrx_word' id='word_1_63' title='bbox 1054 1337 1198 1390; x_wconf 89' lang='lat' dir='ltr'>tam</span> <span class='ocrx_word' id='word_1_64' title='bbox 1235 1327 1306 1389; x_wconf 86' lang='lat' dir='ltr'>in</span> <span class='ocrx_word' id='word_1_65' title='bbox 1341 1325 1538 1390; x_wconf 91' lang='lat' dir='ltr'>caelo</span> <span class='ocrx_word' id='word_1_66' title='bbox 1561 1346 1767 1408; x_wconf 88' lang='lat' dir='ltr'>quam</span> <span class='ocrx_word' id='word_1_67' title='bbox 1802 1327 1872 1389; x_wconf 88' lang='lat' dir='ltr'>in</span> <span class='ocrx_word' id='word_1_68' title='bbox 1908 1326 2171 1389; x_wconf 81' lang='lat' dir='ltr'>inferno</span> <span class='ocrx_word' id='word_1_69' title='bbox 2200 1327 2341 1389; x_wconf 87' lang='lat' dir='ltr'>sint</span> <span class='ocrx_word' id='word_1_70' title='bbox 2372 1347 2463 1388; x_wconf 87' lang='lat' dir='ltr'>ex</span> <span class='ocrx_word' id='word_1_71' title='bbox 2500 1325 2803 1390; x_wconf 83' lang='lat' dir='ltr'>humano</span> 
     </span>
     <span class='ocr_line' id='line_1_9' title="bbox 567 1418 2799 1504; baseline -0.001 -18"><span class='ocrx_word' id='word_1_72' title='bbox 567 1441 842 1504; x_wconf 83' lang='lat' dir='ltr'>genere,</span> <span class='ocrx_word' id='word_1_73' title='bbox 876 1423 946 1485; x_wconf 90' lang='lat' dir='ltr'>in</span> <span class='ocrx_word' id='word_1_74' title='bbox 983 1420 1177 1485; x_wconf 88' lang='lat' dir='ltr'>caelo</span> <span class='ocrx_word' id='word_1_75' title='bbox 1207 1420 1306 1484; x_wconf 91' lang='lat' dir='ltr'>illi</span> <span class='ocrx_word' id='word_1_76' title='bbox 1340 1422 1454 1504; x_wconf 88' lang='lat' dir='ltr'>qui</span> <span class='ocrx_word' id='word_1_77' title='bbox 1489 1420 1558 1484; x_wconf 91' lang='lat' dir='ltr'>in</span> <span class='ocrx_word' id='word_1_78' title='bbox 1589 1421 1848 1484; x_wconf 88' lang='lat' dir='ltr'>mundo</span> <span class='ocrx_word' id='word_1_79' title='bbox 1884 1421 1950 1484; x_wconf 92' lang='lat' dir='ltr'>in</span> <span class='ocrx_word' id='word_1_80' title='bbox 1984 1418 2268 1483; x_wconf 87' lang='lat' dir='ltr'>caelesti</span> <span class='ocrx_word' id='word_1_81' title='bbox 2298 1437 2531 1484; x_wconf 86' lang='lat' dir='ltr'>amore</span> <span class='ocrx_word' id='word_1_82' title='bbox 2562 1429 2635 1486; x_wconf 89' lang='lat' dir='ltr'>et</span> <span class='ocrx_word' id='word_1_83' title='bbox 2666 1419 2799 1484; x_wconf 82' lang='lat' dir='ltr'>fide</span> 
     </span>
     <span class='ocr_line' id='line_1_10' title="bbox 566 1513 2797 1598; baseline -0.001 -16"><span class='ocrx_word' id='word_1_84' title='bbox 566 1519 914 1594; x_wconf 82' lang='lat' dir='ltr'>vixerunt,</span> <span class='ocrx_word' id='word_1_85' title='bbox 955 1519 1024 1580; x_wconf 90' lang='lat' dir='ltr'>in</span> <span class='ocrx_word' id='word_1_86' title='bbox 1069 1517 1334 1580; x_wconf 85' lang='lat' dir='ltr'>inferno</span> <span class='ocrx_word' id='word_1_87' title='bbox 1386 1515 1498 1598; x_wconf 83' lang='lat' dir='ltr'>qui</span> <span class='ocrx_word' id='word_1_88' title='bbox 1555 1514 1622 1578; x_wconf 86' lang='lat' dir='ltr'>in</span> <span class='ocrx_word' id='word_1_89' title='bbox 1671 1514 1987 1578; x_wconf 81' lang='lat' dir='ltr'>infernali</span> <span class='ocrx_word' id='word_1_90' title='bbox 2044 1533 2280 1577; x_wconf 88' lang='lat' dir='ltr'>amore</span> <span class='ocrx_word' id='word_1_91' title='bbox 2342 1523 2415 1578; x_wconf 87' lang='lat' dir='ltr'>et</span> <span class='ocrx_word' id='word_1_92' title='bbox 2472 1513 2658 1594; x_wconf 78' lang='lat' dir='ltr'>fide3</span> <span class='ocrx_word' id='word_1_93' title='bbox 2726 1525 2797 1580; x_wconf 88' lang='lat' dir='ltr'>et</span> 
     </span>
     <span class='ocr_line' id='line_1_11' title="bbox 563 1609 2797 1695; baseline -0.001 -18"><span class='ocrx_word' id='word_1_94' title='bbox 563 1611 750 1695; x_wconf 89' lang='lat' dir='ltr'>quod</span> <span class='ocrx_word' id='word_1_95' title='bbox 785 1613 1123 1676; x_wconf 82' lang='lat' dir='ltr'>infernum</span> <span class='ocrx_word' id='word_1_96' title='bbox 1159 1613 1228 1674; x_wconf 86' lang='lat' dir='ltr'>in</span> <span class='ocrx_word' id='word_1_97' title='bbox 1264 1619 1424 1674; x_wconf 88' lang='lat' dir='ltr'>toto</span> <span class='ocrx_word' id='word_1_98' title='bbox 1458 1609 1834 1691; x_wconf 88' lang='lat' dir='ltr'>complexu</span> <span class='ocrx_word' id='word_1_99' title='bbox 1870 1609 1961 1672; x_wconf 87' lang='lat' dir='ltr'>sit</span> <span class='ocrx_word' id='word_1_100' title='bbox 1998 1610 2181 1692; x_wconf 88' lang='lat' dir='ltr'>quod</span> <span class='ocrx_word' id='word_1_101' title='bbox 2219 1618 2502 1674; x_wconf 85' lang='lat' dir='ltr'>vocatur</span> <span class='ocrx_word' id='word_1_102' title='bbox 2538 1610 2797 1674; x_wconf 87' lang='lat' dir='ltr'>Diabo-</span> 
     </span>
     <span class='ocr_line' id='line_1_12' title="bbox 565 1704 2798 1787; baseline -0 -16"><span class='ocrx_word' id='word_1_103' title='bbox 565 1708 670 1771; x_wconf 88' lang='lat' dir='ltr'>lus</span> <span class='ocrx_word' id='word_1_104' title='bbox 707 1717 780 1773; x_wconf 91' lang='lat' dir='ltr'>et</span> <span class='ocrx_word' id='word_1_105' title='bbox 819 1706 1154 1784; x_wconf 86' lang='lat' dir='ltr'>Satanas;</span> <span class='ocrx_word' id='word_1_106' title='bbox 1201 1704 1370 1768; x_wconf 90' lang='lat' dir='ltr'>illud</span> <span class='ocrx_word' id='word_1_107' title='bbox 1406 1704 1740 1768; x_wconf 82' lang='lat' dir='ltr'>infernum</span> <span class='ocrx_word' id='word_1_108' title='bbox 1774 1704 1958 1787; x_wconf 88' lang='lat' dir='ltr'>quod</span> <span class='ocrx_word' id='word_1_109' title='bbox 2004 1725 2047 1766; x_wconf 89' lang='lat' dir='ltr'>a</span> <span class='ocrx_word' id='word_1_110' title='bbox 2082 1713 2284 1786; x_wconf 86' lang='lat' dir='ltr'>tergo</span> <span class='ocrx_word' id='word_1_111' title='bbox 2319 1713 2451 1780; x_wconf 86' lang='lat' dir='ltr'>est,</span> <span class='ocrx_word' id='word_1_112' title='bbox 2485 1705 2599 1768; x_wconf 89' lang='lat' dir='ltr'>ubi</span> <span class='ocrx_word' id='word_1_113' title='bbox 2636 1715 2798 1770; x_wconf 88' lang='lat' dir='ltr'>sunt</span> 
     </span>
     <span class='ocr_line' id='line_1_13' title="bbox 561 1797 2793 1886; baseline -0 -20"><span class='ocrx_word' id='word_1_114' title='bbox 561 1803 676 1886; x_wconf 87' lang='lat' dir='ltr'>qui</span> <span class='ocrx_word' id='word_1_115' title='bbox 711 1811 1047 1866; x_wconf 86' lang='lat' dir='ltr'>vocantur</span> <span class='ocrx_word' id='word_1_116' title='bbox 1077 1798 1240 1864; x_wconf 90' lang='lat' dir='ltr'>mali</span> <span class='ocrx_word' id='word_1_117' title='bbox 1275 1799 1485 1881; x_wconf 86' lang='lat' dir='ltr'>genii,</span> <span class='ocrx_word' id='word_1_118' title='bbox 1525 1797 1884 1874; x_wconf 87' lang='lat' dir='ltr'>Diabolus,</span> <span class='ocrx_word' id='word_1_119' title='bbox 1924 1809 1998 1863; x_wconf 90' lang='lat' dir='ltr'>et</span> <span class='ocrx_word' id='word_1_120' title='bbox 2034 1799 2203 1862; x_wconf 90' lang='lat' dir='ltr'>illud</span> <span class='ocrx_word' id='word_1_121' title='bbox 2240 1798 2576 1862; x_wconf 85' lang='lat' dir='ltr'>infernum</span> <span class='ocrx_word' id='word_1_122' title='bbox 2612 1801 2793 1882; x_wconf 87' lang='lat' dir='ltr'>quod</span> 
     </span>
     <span class='ocr_line' id='line_1_14' title="bbox 561 1893 2793 1976; baseline -0 -16"><span class='ocrx_word' id='word_1_123' title='bbox 561 1897 864 1962; x_wconf 84' lang='lat' dir='ltr'>anterius</span> <span class='ocrx_word' id='word_1_124' title='bbox 908 1903 1040 1972; x_wconf 86' lang='lat' dir='ltr'>est,</span> <span class='ocrx_word' id='word_1_125' title='bbox 1089 1895 1205 1960; x_wconf 88' lang='lat' dir='ltr'>ubi</span> <span class='ocrx_word' id='word_1_126' title='bbox 1259 1903 1424 1958; x_wconf 88' lang='lat' dir='ltr'>sunt</span> <span class='ocrx_word' id='word_1_127' title='bbox 1479 1893 1596 1975; x_wconf 90' lang='lat' dir='ltr'>qui</span> <span class='ocrx_word' id='word_1_128' title='bbox 1651 1903 1991 1958; x_wconf 80' lang='lat' dir='ltr'>vocantur</span> <span class='ocrx_word' id='word_1_129' title='bbox 2042 1894 2207 1957; x_wconf 89' lang='lat' dir='ltr'>mali</span> <span class='ocrx_word' id='word_1_130' title='bbox 2248 1893 2545 1976; x_wconf 85' lang='lat' dir='ltr'>spiritus,</span> <span class='ocrx_word' id='word_1_131' title='bbox 2592 1894 2793 1960; x_wconf 87' lang='lat' dir='ltr'>Sata·</span> 
     </span>
     <span class='ocr_line' id='line_1_15' title="bbox 561 1986 2801 2073; baseline -0.001 -19"><span class='ocrx_word' id='word_1_132' title='bbox 561 1988 798 2056; x_wconf 51' lang='lat' dir='ltr'>naam</span> <span class='ocrx_word' id='word_1_133' title='bbox 889 1989 1113 2073; x_wconf 84' lang='lat' dir='ltr'>Quale</span> <span class='ocrx_word' id='word_1_134' title='bbox 1159 2007 1366 2052; x_wconf 88' lang='lat' dir='ltr'>unum</span> <span class='ocrx_word' id='word_1_135' title='bbox 1412 1988 1769 2064; x_wconf 80' lang='lat' dir='ltr'>infernum,</span> <span class='ocrx_word' id='word_1_136' title='bbox 1818 1997 1891 2052; x_wconf 91' lang='lat' dir='ltr'>et</span> <span class='ocrx_word' id='word_1_137' title='bbox 1948 1986 2148 2070; x_wconf 85' lang='lat' dir='ltr'>quale</span> <span class='ocrx_word' id='word_1_138' title='bbox 2199 1988 2519 2065; x_wconf 85' lang='lat' dir='ltr'>alterum,</span> <span class='ocrx_word' id='word_1_139' title='bbox 2556 1989 2649 2066; x_wconf 67' lang='lat' dir='ltr'>in,</span> <span class='ocrx_word' id='word_1_140' title='bbox 2684 2009 2801 2060; x_wconf 72' lang='lat' dir='ltr'>se·-</span> 
     </span>
     <span class='ocr_line' id='line_1_16' title="bbox 559 2081 2791 2169; baseline -0.001 -19"><span class='ocrx_word' id='word_1_141' title='bbox 559 2086 930 2169; x_wconf 87' lang='lat' dir='ltr'>quentibus</span> <span class='ocrx_word' id='word_1_142' title='bbox 973 2087 1262 2148; x_wconf 86' lang='lat' dir='ltr'>dicetur.</span> <span class='ocrx_word' id='word_1_143' title='bbox 1352 2082 1556 2164; x_wconf 82' lang='lat' dir='ltr'>Quod</span> <span class='ocrx_word' id='word_1_144' title='bbox 1603 2081 2035 2147; x_wconf 83' lang='lat' dir='ltr'>Christianus</span> <span class='ocrx_word' id='word_1_145' title='bbox 2078 2083 2277 2149; x_wconf 77' lang='lat' dir='ltr'>orbis,</span> <span class='ocrx_word' id='word_1_146' title='bbox 2320 2083 2539 2148; x_wconf 89' lang='lat' dir='ltr'>talem</span> <span class='ocrx_word' id='word_1_147' title='bbox 2586 2082 2791 2148; x_wconf 87' lang='lat' dir='ltr'>fidem</span> 
     </span>
     <span class='ocr_line' id='line_1_17' title="bbox 557 2177 2790 2262; baseline -0.001 -18"><span class='ocrx_word' id='word_1_148' title='bbox 557 2182 648 2244; x_wconf 87' lang='lat' dir='ltr'>de</span> <span class='ocrx_word' id='word_1_149' title='bbox 676 2180 812 2245; x_wconf 90' lang='lat' dir='ltr'>illis</span> <span class='ocrx_word' id='word_1_150' title='bbox 842 2179 910 2242; x_wconf 91' lang='lat' dir='ltr'>in</span> <span class='ocrx_word' id='word_1_151' title='bbox 943 2179 1138 2244; x_wconf 89' lang='lat' dir='ltr'>caelo</span> <span class='ocrx_word' id='word_1_152' title='bbox 1169 2187 1242 2242; x_wconf 91' lang='lat' dir='ltr'>et</span> <span class='ocrx_word' id='word_1_153' title='bbox 1274 2178 1363 2243; x_wconf 88' lang='lat' dir='ltr'>de</span> <span class='ocrx_word' id='word_1_154' title='bbox 1393 2177 1530 2241; x_wconf 89' lang='lat' dir='ltr'>illis</span> <span class='ocrx_word' id='word_1_155' title='bbox 1561 2178 1630 2240; x_wconf 88' lang='lat' dir='ltr'>in</span> <span class='ocrx_word' id='word_1_156' title='bbox 1659 2179 1925 2241; x_wconf 84' lang='lat' dir='ltr'>inferno</span> <span class='ocrx_word' id='word_1_157' title='bbox 1950 2179 2231 2260; x_wconf 84' lang='lat' dir='ltr'>ceperit,</span> <span class='ocrx_word' id='word_1_158' title='bbox 2256 2178 2583 2243; x_wconf 89' lang='lat' dir='ltr'>dicebant</span> <span class='ocrx_word' id='word_1_159' title='bbox 2608 2179 2790 2262; x_wconf 91' lang='lat' dir='ltr'>quod</span> 
     </span>
     <span class='ocr_line' id='line_1_18' title="bbox 557 2269 2789 2357; baseline -0 -20"><span class='ocrx_word' id='word_1_160' title='bbox 557 2275 649 2341; x_wconf 86' lang='lat' dir='ltr'>sit</span> <span class='ocrx_word' id='word_1_161' title='bbox 683 2295 774 2338; x_wconf 83' lang='lat' dir='ltr'>ex</span> <span class='ocrx_word' id='word_1_162' title='bbox 810 2272 1148 2357; x_wconf 85' lang='lat' dir='ltr'>aliquibus</span> <span class='ocrx_word' id='word_1_163' title='bbox 1183 2272 1354 2336; x_wconf 89' lang='lat' dir='ltr'>locis</span> <span class='ocrx_word' id='word_1_164' title='bbox 1389 2273 1458 2335; x_wconf 86' lang='lat' dir='ltr'>in</span> <span class='ocrx_word' id='word_1_165' title='bbox 1503 2269 1743 2336; x_wconf 90' lang='lat' dir='ltr'>Verbo</span> <span class='ocrx_word' id='word_1_166' title='bbox 1778 2292 1919 2335; x_wconf 90' lang='lat' dir='ltr'>non</span> <span class='ocrx_word' id='word_1_167' title='bbox 1956 2269 2327 2354; x_wconf 67' lang='lat' dir='ltr'>intellectis</span> <span class='ocrx_word' id='word_1_168' title='bbox 2356 2273 2560 2337; x_wconf 88' lang='lat' dir='ltr'>aliter</span> <span class='ocrx_word' id='word_1_169' title='bbox 2585 2293 2789 2357; x_wconf 89' lang='lat' dir='ltr'>quam</span> 
     </span>
     <span class='ocr_line' id='line_1_19' title="bbox 557 2365 2789 2448; baseline 0 -18"><span class='ocrx_word' id='word_1_170' title='bbox 557 2369 934 2433; x_wconf 87' lang='lat' dir='ltr'>secundum</span> <span class='ocrx_word' id='word_1_171' title='bbox 971 2386 1248 2432; x_wconf 88' lang='lat' dir='ltr'>sensum</span> <span class='ocrx_word' id='word_1_172' title='bbox 1285 2365 1584 2442; x_wconf 83' lang='lat' dir='ltr'>litterae,</span> <span class='ocrx_word' id='word_1_173' title='bbox 1623 2375 1695 2430; x_wconf 89' lang='lat' dir='ltr'>et</span> <span class='ocrx_word' id='word_1_174' title='bbox 1734 2386 1871 2430; x_wconf 86' lang='lat' dir='ltr'>non</span> <span class='ocrx_word' id='word_1_175' title='bbox 1910 2365 2275 2432; x_wconf 85' lang='lat' dir='ltr'>illustratis</span> <span class='ocrx_word' id='word_1_176' title='bbox 2309 2377 2383 2432; x_wconf 89' lang='lat' dir='ltr'>et</span> <span class='ocrx_word' id='word_1_177' title='bbox 2421 2366 2789 2448; x_wconf 81' lang='lat' dir='ltr'>explicatis</span> 
     </span>
     <span class='ocr_line' id='line_1_20' title="bbox 557 2458 2788 2544; baseline 0 -18"><span class='ocrx_word' id='word_1_178' title='bbox 557 2483 679 2544; x_wconf 88' lang='lat' dir='ltr'>per</span> <span class='ocrx_word' id='word_1_179' title='bbox 720 2464 1092 2544; x_wconf 86' lang='lat' dir='ltr'>genuinam</span> <span class='ocrx_word' id='word_1_180' title='bbox 1137 2458 1522 2525; x_wconf 65' lang='lat' dir='ltr'>doctrinam</span> <span class='ocrx_word' id='word_1_181' title='bbox 1581 2480 1673 2524; x_wconf 86' lang='lat' dir='ltr'>ex</span> <span class='ocrx_word' id='word_1_182' title='bbox 1722 2461 1999 2538; x_wconf 80' lang='lat' dir='ltr'>Verb03</span> <span class='ocrx_word' id='word_1_183' title='bbox 2066 2480 2222 2525; x_wconf 87' lang='lat' dir='ltr'>cum</span> <span class='ocrx_word' id='word_1_184' title='bbox 2267 2471 2503 2526; x_wconf 88' lang='lat' dir='ltr'>tamen</span> <span class='ocrx_word' id='word_1_185' title='bbox 2548 2483 2788 2526; x_wconf 88' lang='lat' dir='ltr'>sensus</span> 
     </span>
     <span class='ocr_line' id='line_1_21' title="bbox 555 2552 2785 2638; baseline 0.001 -19"><span class='ocrx_word' id='word_1_186' title='bbox 555 2556 832 2622; x_wconf 79' lang='lat' dir='ltr'>litterae</span> <span class='ocrx_word' id='word_1_187' title='bbox 870 2557 1104 2632; x_wconf 84' lang='lat' dir='ltr'>Verbi,</span> <span class='ocrx_word' id='word_1_188' title='bbox 1145 2556 1274 2619; x_wconf 85' lang='lat' dir='ltr'>nisi</span> <span class='ocrx_word' id='word_1_189' title='bbox 1316 2556 1614 2637; x_wconf 86' lang='lat' dir='ltr'>genuina</span> <span class='ocrx_word' id='word_1_190' title='bbox 1657 2552 1971 2618; x_wconf 65' lang='lat' dir='ltr'>doctrina</span> <span class='ocrx_word' id='word_1_191' title='bbox 2006 2556 2422 2638; x_wconf 88' lang='lat' dir='ltr'>praeluceat,</span> <span class='ocrx_word' id='word_1_192' title='bbox 2462 2556 2785 2621; x_wconf 84' lang='lat' dir='ltr'>distrahit</span> 
     </span>
     <span class='ocr_line' id='line_1_22' title="bbox 553 2649 2783 2731; baseline 0 -14"><span class='ocrx_word' id='word_1_193' title='bbox 553 2661 824 2717; x_wconf 83' lang='lat' dir='ltr'>mentes</span> <span class='ocrx_word' id='word_1_194' title='bbox 859 2651 928 2716; x_wconf 88' lang='lat' dir='ltr'>in</span> <span class='ocrx_word' id='word_1_195' title='bbox 959 2651 1186 2727; x_wconf 82' lang='lat' dir='ltr'>varia3</span> <span class='ocrx_word' id='word_1_196' title='bbox 1235 2649 1416 2713; x_wconf 88' lang='lat' dir='ltr'>unde</span> <span class='ocrx_word' id='word_1_197' title='bbox 1447 2649 1906 2731; x_wconf 86' lang='lat' dir='ltr'>ignorantiae,</span> <span class='ocrx_word' id='word_1_198' title='bbox 1934 2649 2278 2728; x_wconf 81' lang='lat' dir='ltr'>haereses,</span> <span class='ocrx_word' id='word_1_199' title='bbox 2304 2660 2375 2715; x_wconf 86' lang='lat' dir='ltr'>et</span> <span class='ocrx_word' id='word_1_200' title='bbox 2404 2649 2783 2717; x_wconf 55' lang='lat' dir='ltr'>erroresJU)</span> 
     </span>
    </p>

    <p class='ocr_par' dir='ltr' id='par_1_3' title="bbox 552 2744 2787 3019">
     <span class='ocr_line' id='line_1_23' title="bbox 677 2744 2787 2829; baseline 0.001 -20"><span class='ocrx_word' id='word_1_201' title='bbox 677 2760 864 2829; x_wconf 74' lang='lat'>312.</span> <span class='ocrx_word' id='word_1_202' title='bbox 923 2744 1127 2826; x_wconf 82' lang='lat' dir='ltr'>Quod</span> <span class='ocrx_word' id='word_1_203' title='bbox 1161 2744 1369 2809; x_wconf 89' lang='lat' dir='ltr'>homo</span> <span class='ocrx_word' id='word_1_204' title='bbox 1399 2744 1735 2809; x_wconf 87' lang='lat' dir='ltr'>ecclesiae</span> <span class='ocrx_word' id='word_1_205' title='bbox 1764 2746 1865 2809; x_wconf 86' lang='lat' dir='ltr'>ita</span> <span class='ocrx_word' id='word_1_206' title='bbox 1895 2745 2159 2822; x_wconf 90' lang='lat' dir='ltr'>credat,</span> <span class='ocrx_word' id='word_1_207' title='bbox 2194 2747 2405 2809; x_wconf 87' lang='lat' dir='ltr'>etiam</span> <span class='ocrx_word' id='word_1_208' title='bbox 2434 2755 2543 2811; x_wconf 86' lang='lat' dir='ltr'>est</span> <span class='ocrx_word' id='word_1_209' title='bbox 2580 2766 2787 2811; x_wconf 85' lang='lat' dir='ltr'>causa</span> 
     </span>
     <span class='ocr_line' id='line_1_24' title="bbox 553 2836 2782 2923; baseline 0.001 -22"><span class='ocrx_word' id='word_1_210' title='bbox 553 2840 712 2923; x_wconf 87' lang='lat' dir='ltr'>quia</span> <span class='ocrx_word' id='word_1_211' title='bbox 747 2840 966 2903; x_wconf 89' lang='lat' dir='ltr'>credit</span> <span class='ocrx_word' id='word_1_212' title='bbox 1006 2838 1189 2922; x_wconf 89' lang='lat' dir='ltr'>quod</span> <span class='ocrx_word' id='word_1_213' title='bbox 1229 2836 1453 2901; x_wconf 85' lang='lat' dir='ltr'>nullus</span> <span class='ocrx_word' id='word_1_214' title='bbox 1488 2836 1699 2903; x_wconf 88' lang='lat' dir='ltr'>homo</span> <span class='ocrx_word' id='word_1_215' title='bbox 1744 2839 1813 2902; x_wconf 87' lang='lat' dir='ltr'>in</span> <span class='ocrx_word' id='word_1_216' title='bbox 1858 2838 2125 2903; x_wconf 88' lang='lat' dir='ltr'>caelum</span> <span class='ocrx_word' id='word_1_217' title='bbox 2170 2850 2289 2903; x_wconf 88' lang='lat' dir='ltr'>aut</span> <span class='ocrx_word' id='word_1_218' title='bbox 2334 2840 2403 2903; x_wconf 88' lang='lat' dir='ltr'>in</span> <span class='ocrx_word' id='word_1_219' title='bbox 2449 2840 2782 2904; x_wconf 81' lang='lat' dir='ltr'>infernum</span> 
     </span>
     <span class='ocr_line' id='line_1_25' title="bbox 552 2932 2782 3019; baseline 0 -22"><span class='ocrx_word' id='word_1_220' title='bbox 552 2936 736 3016; x_wconf 84' lang='lat' dir='ltr'>prius</span> <span class='ocrx_word' id='word_1_221' title='bbox 778 2934 1014 2997; x_wconf 89' lang='lat' dir='ltr'>veniat</span> <span class='ocrx_word' id='word_1_222' title='bbox 1069 2951 1274 3017; x_wconf 87' lang='lat' dir='ltr'>quam</span> <span class='ocrx_word' id='word_1_223' title='bbox 1334 2942 1644 3016; x_wconf 87' lang='lat' dir='ltr'>tempore</span> <span class='ocrx_word' id='word_1_224' title='bbox 1704 2933 1925 2999; x_wconf 86' lang='lat' dir='ltr'>ultimi</span> <span class='ocrx_word' id='word_1_225' title='bbox 1975 2932 2227 3015; x_wconf 84' lang='lat' dir='ltr'>judicii,</span> <span class='ocrx_word' id='word_1_226' title='bbox 2266 2934 2354 2997; x_wconf 92' lang='lat' dir='ltr'>de</span> <span class='ocrx_word' id='word_1_227' title='bbox 2413 2956 2548 3019; x_wconf 90' lang='lat' dir='ltr'>quo</span> <span class='ocrx_word' id='word_1_228' title='bbox 2592 2935 2782 2999; x_wconf 89' lang='lat' dir='ltr'>illam</span> 
     </span>
    </p>
   </div>
   <div class='ocr_carea' id='block_1_3' title="bbox 1323 3186 2006 3249">
    <p class='ocr_par' dir='ltr' id='par_1_4' title="bbox 1323 3186 2006 3249">
     <span class='ocr_line' id='line_1_26' title="bbox 1323 3186 2006 3249; baseline 0.015 -21"><span class='ocrx_word' id='word_1_229' title='bbox 1323 3186 1424 3240; x_wconf 78' lang='grc' dir='ltr'><strong>[(ικ</strong></span> <span class='ocrx_word' id='word_1_230' title='bbox 1445 3198 1642 3230; x_wconf 62' lang='lat' dir='ltr'>aucam</span> <span class='ocrx_word' id='word_1_231' title='bbox 1663 3188 2006 3249; x_wconf 62' lang='lat' dir='ltr'>ml]</span> 
     </span>
    </p>
   </div>
   <div class='ocr_carea' id='block_1_4' title="bbox 658 3288 2780 3426">
    <p class='ocr_par' dir='ltr' id='par_1_5' title="bbox 658 3288 2780 3426">
     <span class='ocr_line' id='line_1_27' title="bbox 658 3288 2780 3426; baseline 0.003 -82"><span class='ocrx_word' id='word_1_232' title='bbox 658 3292 780 3363; x_wconf 74' lang='lat' dir='ltr'>(ff)</span> <span class='ocrx_word' id='word_1_233' title='bbox 889 3289 1011 3345; x_wconf 90' lang='lat' dir='ltr'>uod</span> <span class='ocrx_word' id='word_1_234' title='bbox 1052 3288 1282 3345; x_wconf 76' lang='lat' dir='ltr'>inferna</span> <span class='ocrx_word' id='word_1_235' title='bbox 1313 3290 1491 3345; x_wconf 82' lang='lat' dir='ltr'>simul</span> <span class='ocrx_word' id='word_1_236' title='bbox 1519 3306 1650 3345; x_wconf 88' lang='lat' dir='ltr'>sum</span> <span class='ocrx_word' id='word_1_237' title='bbox 1697 3301 1776 3426; x_wconf 54' lang='lat' dir='ltr'>tei,</span> <span class='ocrx_word' id='word_1_238' title='bbox 1811 3305 1918 3345; x_wconf 85' lang='lat' dir='ltr'>seu</span> <span class='ocrx_word' id='word_1_239' title='bbox 1966 3290 2286 3348; x_wconf 76' lang='lat' dir='ltr'>infernales</span> <span class='ocrx_word' id='word_1_240' title='bbox 2322 3292 2503 3349; x_wconf 85' lang='lat' dir='ltr'>simul</span> <span class='ocrx_word' id='word_1_241' title='bbox 2537 3296 2780 3367; x_wconf 84' lang='lat' dir='ltr'>sumpti.</span> 
     </span>
    </p>
   </div>
   <div class='ocr_carea' id='block_1_5' title="bbox 550 3359 2778 3505">
    <p class='ocr_par' dir='ltr' id='par_1_6' title="bbox 550 3359 2778 3505">
     <span class='ocr_line' id='line_1_28' title="bbox 550 3359 1781 3435; baseline -0.003 -16"><span class='ocrx_word' id='word_1_242' title='bbox 550 3364 827 3419; x_wconf 90' lang='lat' dir='ltr'>dicantur</span> <span class='ocrx_word' id='word_1_243' title='bbox 911 3360 1142 3415; x_wconf 87' lang='lat' dir='ltr'>iabolus</span> <span class='ocrx_word' id='word_1_244' title='bbox 1165 3370 1227 3414; x_wconf 88' lang='lat' dir='ltr'>et</span> <span class='ocrx_word' id='word_1_245' title='bbox 1253 3359 1504 3415; x_wconf 85' lang='lat' dir='ltr'>Satanas</span> <span class='ocrx_word' id='word_1_246' title='bbox 1533 3366 1614 3435; x_wconf 78' lang='lat' dir='ltr'>(n.</span> <span class='ocrx_word' id='word_1_247' title='bbox 1768 3401 1781 3415; x_wconf 90' lang='lat'><strong>.</strong></span> 
     </span>
     <span class='ocr_line' id='line_1_29' title="bbox 655 3428 2778 3505; baseline 0.002 -19"><span class='ocrx_word' id='word_1_248' title='bbox 655 3431 836 3504; x_wconf 84' lang='lat' dir='ltr'>Quod</span> <span class='ocrx_word' id='word_1_249' title='bbox 860 3432 964 3505; x_wconf 87' lang='lat' dir='ltr'>qui</span> <span class='ocrx_word' id='word_1_250' title='bbox 983 3429 1207 3485; x_wconf 89' lang='lat' dir='ltr'>diaboli</span> <span class='ocrx_word' id='word_1_251' title='bbox 1227 3432 1468 3485; x_wconf 66' lang='lat' dir='ltr'>ruerunt</span> <span class='ocrx_word' id='word_1_252' title='bbox 1495 3429 1554 3485; x_wconf 85' lang='lat' dir='ltr'>in</span> <span class='ocrx_word' id='word_1_253' title='bbox 1579 3431 1824 3493; x_wconf 88' lang='lat' dir='ltr'>mundo,</span> <span class='ocrx_word' id='word_1_254' title='bbox 1840 3428 2063 3486; x_wconf 86' lang='lat' dir='ltr'>diaboli</span> <span class='ocrx_word' id='word_1_255' title='bbox 2090 3430 2237 3487; x_wconf 86' lang='lat' dir='ltr'>fiant</span> <span class='ocrx_word' id='word_1_256' title='bbox 2264 3442 2400 3504; x_wconf 83' lang='lat' dir='ltr'>post</span> <span class='ocrx_word' id='word_1_257' title='bbox 2416 3444 2669 3491; x_wconf 87' lang='lat' dir='ltr'>mortem</span> <span class='ocrx_word' id='word_1_258' title='bbox 2693 3438 2778 3503; x_wconf 79' lang='grc' dir='ltr'>(ο.</span> 
     </span>
    </p>
   </div>
   <div class='ocr_carea' id='block_1_6' title="bbox 548 3503 696 3573">
    <p class='ocr_par' dir='ltr' id='par_1_7' title="bbox 548 3503 696 3573">
     <span class='ocr_line' id='line_1_30' title="bbox 548 3503 696 3573; baseline -0.014 0"><span class='ocrx_word' id='word_1_259' title='bbox 548 3503 696 3573; x_wconf 87' lang='lat'><strong>968).</strong></span> 
     </span>
    </p>
   </div>
   <div class='ocr_carea' id='block_1_7' title="bbox 545 3618 2775 3837">
    <p class='ocr_par' dir='ltr' id='par_1_8' title="bbox 545 3618 2775 3837">
     <span class='ocr_line' id='line_1_31' title="bbox 657 3618 2775 3697; baseline 0.002 -22"><span class='ocrx_word' id='word_1_260' title='bbox 657 3626 738 3693; x_wconf 70' lang='lat' dir='ltr'>(g-</span> <span class='ocrx_word' id='word_1_261' title='bbox 775 3624 798 3689; x_wconf 94' lang='lat'>)</span> <span class='ocrx_word' id='word_1_262' title='bbox 854 3620 1037 3693; x_wconf 77' lang='lat' dir='ltr'>Quod</span> <span class='ocrx_word' id='word_1_263' title='bbox 1089 3618 1364 3677; x_wconf 70' lang='lat' dir='ltr'>doctrina</span> <span class='ocrx_word' id='word_1_264' title='bbox 1409 3620 1697 3677; x_wconf 84' lang='lat' dir='ltr'>ecclesiae</span> <span class='ocrx_word' id='word_1_265' title='bbox 1744 3621 1859 3676; x_wconf 88' lang='lat' dir='ltr'>erit</span> <span class='ocrx_word' id='word_1_266' title='bbox 1904 3638 1981 3676; x_wconf 82' lang='lat' dir='ltr'>ex</span> <span class='ocrx_word' id='word_1_267' title='bbox 2027 3622 2229 3677; x_wconf 88' lang='lat' dir='ltr'>Verbo</span> <span class='ocrx_word' id='word_1_268' title='bbox 2278 3624 2361 3693; x_wconf 89' lang='lat' dir='ltr'>(n.</span> <span class='ocrx_word' id='word_1_269' title='bbox 2410 3624 2567 3693; x_wconf 83' lang='lat'><strong>3464.</strong></span> <span class='ocrx_word' id='word_1_270' title='bbox 2622 3638 2775 3697; x_wconf 80' lang='lat'>540²·</span> 
     </span>
     <span class='ocr_line' id='line_1_32' title="bbox 545 3688 1674 3763; baseline -0.002 -14"><span class='ocrx_word' id='word_1_271' title='bbox 545 3693 710 3763; x_wconf 84' lang='lat'><strong>6832[</strong></span> <span class='ocrx_word' id='word_1_272' title='bbox 759 3691 938 3759; x_wconf 78' lang='lat'>68221.</span> <span class='ocrx_word' id='word_1_273' title='bbox 967 3690 1154 3760; x_wconf 85' lang='lat'>10763,</span> <span class='ocrx_word' id='word_1_274' title='bbox 1185 3688 1406 3759; x_wconf 81' lang='lat'>10765[?</span> <span class='ocrx_word' id='word_1_275' title='bbox 1437 3690 1674 3759; x_wconf 85' lang='lat'>¹0764])·</span> 
     </span>
     <span class='ocr_line' id='line_1_33' title="bbox 654 3760 2775 3837; baseline 0.002 -20"><span class='ocrx_word' id='word_1_276' title='bbox 654 3762 829 3835; x_wconf 78' lang='lat' dir='ltr'>Quod</span> <span class='ocrx_word' id='word_1_277' title='bbox 863 3761 1122 3818; x_wconf 86' lang='lat' dir='ltr'>Verbum</span> <span class='ocrx_word' id='word_1_278' title='bbox 1155 3762 1380 3831; x_wconf 87' lang='lat' dir='ltr'>absque</span> <span class='ocrx_word' id='word_1_279' title='bbox 1411 3760 1684 3815; x_wconf 69' lang='lat' dir='ltr'>doctrina</span> <span class='ocrx_word' id='word_1_280' title='bbox 1715 3778 1837 3818; x_wconf 86' lang='lat' dir='ltr'>non</span> <span class='ocrx_word' id='word_1_281' title='bbox 1869 3762 2237 3835; x_wconf 79' lang='lat' dir='ltr'>intelligatur</span> <span class='ocrx_word' id='word_1_282' title='bbox 2268 3767 2347 3834; x_wconf 89' lang='lat' dir='ltr'>(n.</span> <span class='ocrx_word' id='word_1_283' title='bbox 2376 3764 2569 3836; x_wconf 77' lang='lat'>902¹[?</span> <span class='ocrx_word' id='word_1_284' title='bbox 2592 3768 2775 3837; x_wconf 77' lang='lat'>90²5]-</span> 
     </span>
    </p>
   </div>
   <div class='ocr_carea' id='block_1_8' title="bbox 548 3832 2773 3977">
    <p class='ocr_par' dir='ltr' id='par_1_9' title="bbox 548 3832 2773 3977">
     <span class='ocr_line' id='line_1_34' title="bbox 548 3832 1897 3917; baseline 0.001 -32"><span class='ocrx_word' id='word_1_285' title='bbox 548 3849 699 3905; x_wconf 81' lang='lat'>9409¹</span> <span class='ocrx_word' id='word_1_286' title='bbox 729 3846 884 3902; x_wconf 85' lang='lat'>9424,</span> <span class='ocrx_word' id='word_1_287' title='bbox 911 3846 1069 3901; x_wconf 87' lang='lat'>9430,</span> <span class='ocrx_word' id='word_1_288' title='bbox 1104 3846 1287 3913; x_wconf 63' lang='lat'>10324.</span> <span class='ocrx_word' id='word_1_289' title='bbox 1329 3845 1510 3913; x_wconf 71' lang='grc'><strong>10431,</strong></span> <span class='ocrx_word' id='word_1_290' title='bbox 1545 3832 1763 3916; x_wconf 65' lang='grc' dir='ltr'>ιοςξκ).</span> <span class='ocrx_word' id='word_1_291' title='bbox 1884 3903 1897 3917; x_wconf 38' lang='grc' dir='ltr'><strong>ο</strong></span> 
     </span>
     <span class='ocr_line' id='line_1_35' title="bbox 653 3900 2773 3977; baseline 0.002 -20"><span class='ocrx_word' id='word_1_292' title='bbox 653 3900 832 3975; x_wconf 79' lang='lat' dir='ltr'>Quod</span> <span class='ocrx_word' id='word_1_293' title='bbox 850 3918 995 3957; x_wconf 85' lang='lat' dir='ltr'>vera</span> <span class='ocrx_word' id='word_1_294' title='bbox 1009 3902 1284 3959; x_wconf 65' lang='lat' dir='ltr'>doctrina</span> <span class='ocrx_word' id='word_1_295' title='bbox 1301 3911 1382 3956; x_wconf 82' lang='lat' dir='ltr'>sit</span> <span class='ocrx_word' id='word_1_296' title='bbox 1401 3902 1644 3957; x_wconf 87' lang='lat' dir='ltr'>lucerna</span> <span class='ocrx_word' id='word_1_297' title='bbox 1663 3902 1780 3956; x_wconf 79' lang='lat' dir='ltr'>illis</span> <span class='ocrx_word' id='word_1_298' title='bbox 1798 3919 1899 3973; x_wconf 85' lang='lat' dir='ltr'>qui</span> <span class='ocrx_word' id='word_1_299' title='bbox 1926 3903 2136 3976; x_wconf 84' lang='lat' dir='ltr'>legunt</span> <span class='ocrx_word' id='word_1_300' title='bbox 2154 3903 2419 3960; x_wconf 85' lang='lat' dir='ltr'>Verbum</span> <span class='ocrx_word' id='word_1_301' title='bbox 2438 3906 2521 3974; x_wconf 86' lang='lat' dir='ltr'>(n.</span> <span class='ocrx_word' id='word_1_302' title='bbox 2548 3907 2773 3977; x_wconf 64' lang='grc'><strong>104019</strong></span> 
     </span>
    </p>
   </div>
   <div class='ocr_carea' id='block_1_9' title="bbox 553 3978 2773 4116">
    <p class='ocr_par' dir='ltr' id='par_1_10' title="bbox 553 3978 2773 4116">
     <span class='ocr_line' id='line_1_36' title="bbox 553 3978 2773 4116; baseline 0.003 -19"><span class='ocrx_word' id='word_1_303' title='bbox 553 3978 831 4116; x_wconf 56' lang='lat' dir='ltr'><strong>10⁴3de</strong></span> <span class='ocrx_word' id='word_1_304' title='bbox 861 4042 1123 4113; x_wconf 81' lang='lat' dir='ltr'>genuina</span> <span class='ocrx_word' id='word_1_305' title='bbox 1153 4038 1428 4097; x_wconf 65' lang='lat' dir='ltr'>doctrina</span> <span class='ocrx_word' id='word_1_306' title='bbox 1458 4044 1575 4097; x_wconf 86' lang='lat' dir='ltr'>erit</span> <span class='ocrx_word' id='word_1_307' title='bbox 1616 4044 1693 4098; x_wconf 91' lang='lat' dir='ltr'>ab</span> <span class='ocrx_word' id='word_1_308' title='bbox 1732 4042 1847 4097; x_wconf 88' lang='lat' dir='ltr'>illis</span> <span class='ocrx_word' id='word_1_309' title='bbox 1876 4044 1980 4113; x_wconf 89' lang='lat' dir='ltr'>qui</span> <span class='ocrx_word' id='word_1_310' title='bbox 2024 4044 2085 4098; x_wconf 87' lang='lat' dir='ltr'>in</span> <span class='ocrx_word' id='word_1_311' title='bbox 2125 4044 2523 4101; x_wconf 81' lang='lat' dir='ltr'>illustratione</span> <span class='ocrx_word' id='word_1_312' title='bbox 2552 4057 2697 4103; x_wconf 87' lang='lat' dir='ltr'>sunt</span> <span class='ocrx_word' id='word_1_313' title='bbox 2735 4064 2773 4103; x_wconf 79' lang='lat' dir='ltr'>a</span> 
     </span>
    </p>
   </div>
   <div class='ocr_carea' id='block_1_10' title="bbox 548 4113 2769 4255">
    <p class='ocr_par' dir='ltr' id='par_1_11' title="bbox 548 4113 2769 4255">
     <span class='ocr_line' id='line_1_37' title="bbox 548 4113 1905 4183; baseline -0.001 -15"><span class='ocrx_word' id='word_1_314' title='bbox 548 4113 814 4169; x_wconf 87' lang='lat' dir='ltr'>Domino</span> <span class='ocrx_word' id='word_1_315' title='bbox 839 4124 922 4183; x_wconf 78' lang='lat' dir='ltr'>(n.</span> <span class='ocrx_word' id='word_1_316' title='bbox 950 4125 1105 4181; x_wconf 78' lang='lat'>2510,</span> <span class='ocrx_word' id='word_1_317' title='bbox 1134 4113 1293 4179; x_wconf 83' lang='lat'>2516,</span> <span class='ocrx_word' id='word_1_318' title='bbox 1320 4124 1475 4180; x_wconf 81' lang='lat'>2519,</span> <span class='ocrx_word' id='word_1_319' title='bbox 1501 4126 1657 4182; x_wconf 86' lang='lat'>9424,</span> <span class='ocrx_word' id='word_1_320' title='bbox 1692 4116 1905 4182; x_wconf 78' lang='lat'>10105).</span> 
     </span>
     <span class='ocr_line' id='line_1_38' title="bbox 651 4182 2769 4255; baseline 0.001 -17"><span class='ocrx_word' id='word_1_321' title='bbox 651 4184 831 4255; x_wconf 81' lang='lat' dir='ltr'>Quod</span> <span class='ocrx_word' id='word_1_322' title='bbox 855 4183 957 4254; x_wconf 90' lang='lat' dir='ltr'>qui</span> <span class='ocrx_word' id='word_1_323' title='bbox 987 4184 1045 4235; x_wconf 90' lang='lat' dir='ltr'>in</span> <span class='ocrx_word' id='word_1_324' title='bbox 1069 4198 1250 4237; x_wconf 88' lang='lat' dir='ltr'>sensu</span> <span class='ocrx_word' id='word_1_325' title='bbox 1271 4184 1510 4237; x_wconf 86' lang='lat' dir='ltr'>litterae</span> <span class='ocrx_word' id='word_1_326' title='bbox 1533 4184 1759 4253; x_wconf 87' lang='lat' dir='ltr'>absque</span> <span class='ocrx_word' id='word_1_327' title='bbox 1778 4182 2053 4239; x_wconf 66' lang='lat' dir='ltr'>doctrina</span> <span class='ocrx_word' id='word_1_328' title='bbox 2073 4194 2229 4245; x_wconf 82' lang='lat' dir='ltr'>sunt.</span> <span class='ocrx_word' id='word_1_329' title='bbox 2252 4184 2311 4239; x_wconf 89' lang='lat' dir='ltr'>in</span> <span class='ocrx_word' id='word_1_330' title='bbox 2340 4187 2570 4242; x_wconf 86' lang='lat' dir='ltr'>nullum</span> <span class='ocrx_word' id='word_1_331' title='bbox 2598 4188 2769 4243; x_wconf 87' lang='lat' dir='ltr'>intel-</span> 
     </span>
    </p>
   </div>
   <div class='ocr_carea' id='block_1_11' title="bbox 545 4253 2771 4520">
    <p class='ocr_par' dir='ltr' id='par_1_12' title="bbox 545 4253 2771 4520">
     <span class='ocr_line' id='line_1_39' title="bbox 545 4253 2303 4325; baseline -0.001 -14"><span class='ocrx_word' id='word_1_332' title='bbox 545 4254 768 4312; x_wconf 68' lang='lat' dir='ltr'>lectum</span> <span class='ocrx_word' id='word_1_333' title='bbox 785 4262 1034 4309; x_wconf 80' lang='lat' dir='ltr'>veniant</span> <span class='ocrx_word' id='word_1_334' title='bbox 1055 4253 1133 4308; x_wconf 90' lang='lat' dir='ltr'>de</span> <span class='ocrx_word' id='word_1_335' title='bbox 1159 4254 1317 4307; x_wconf 89' lang='lat' dir='ltr'>veris</span> <span class='ocrx_word' id='word_1_336' title='bbox 1345 4253 1580 4307; x_wconf 84' lang='lat' dir='ltr'>Divinis</span> <span class='ocrx_word' id='word_1_337' title='bbox 1609 4258 1691 4315; x_wconf 90' lang='lat' dir='ltr'>(n.</span> <span class='ocrx_word' id='word_1_338' title='bbox 1714 4270 1872 4322; x_wconf 82' lang='lat'>9409,</span> <span class='ocrx_word' id='word_1_339' title='bbox 1898 4268 2057 4324; x_wconf 81' lang='lat'><strong>94¹0·</strong></span> <span class='ocrx_word' id='word_1_340' title='bbox 2090 4256 2303 4325; x_wconf 82' lang='lat'>10582).</span> 
     </span>
     <span class='ocr_line' id='line_1_40' title="bbox 657 4324 2138 4397; baseline -0.001 -16"><span class='ocrx_word' id='word_1_341' title='bbox 657 4326 731 4381; x_wconf 85' lang='lat' dir='ltr'>Et</span> <span class='ocrx_word' id='word_1_342' title='bbox 753 4326 916 4397; x_wconf 86' lang='lat' dir='ltr'>quod</span> <span class='ocrx_word' id='word_1_343' title='bbox 952 4340 1011 4379; x_wconf 86' lang='lat' dir='ltr'>in</span> <span class='ocrx_word' id='word_1_344' title='bbox 1037 4325 1235 4395; x_wconf 84' lang='lat' dir='ltr'>plures</span> <span class='ocrx_word' id='word_1_345' title='bbox 1259 4341 1492 4381; x_wconf 86' lang='lat' dir='ltr'>errores</span> <span class='ocrx_word' id='word_1_346' title='bbox 1515 4324 1784 4380; x_wconf 71' lang='lat' dir='ltr'>ferantur</span> <span class='ocrx_word' id='word_1_347' title='bbox 1810 4330 1894 4393; x_wconf 86' lang='lat' dir='ltr'>(n.</span> <span class='ocrx_word' id='word_1_348' title='bbox 1926 4329 2138 4394; x_wconf 80' lang='lat'>10431).</span> 
     </span>
     <span class='ocr_line' id='line_1_41' title="bbox 653 4394 2771 4520; baseline 0.002 -69"><span class='ocrx_word' id='word_1_349' title='bbox 653 4396 1006 4451; x_wconf 76' lang='lat' dir='ltr'>Differentia</span> <span class='ocrx_word' id='word_1_350' title='bbox 1030 4396 1186 4448; x_wconf 88' lang='lat' dir='ltr'>inter</span> <span class='ocrx_word' id='word_1_351' title='bbox 1209 4395 1344 4448; x_wconf 86' lang='lat' dir='ltr'>illos</span> <span class='ocrx_word' id='word_1_352' title='bbox 1365 4396 1469 4520; x_wconf 68' lang='lat' dir='ltr'>fini</span> <span class='ocrx_word' id='word_1_353' title='bbox 1489 4396 1712 4450; x_wconf 90' lang='lat' dir='ltr'>docent</span> <span class='ocrx_word' id='word_1_354' title='bbox 1736 4406 1798 4450; x_wconf 90' lang='lat' dir='ltr'>et</span> <span class='ocrx_word' id='word_1_355' title='bbox 1825 4396 2064 4451; x_wconf 88' lang='lat' dir='ltr'>discunt</span> <span class='ocrx_word' id='word_1_356' title='bbox 2089 4412 2162 4450; x_wconf 88' lang='lat' dir='ltr'>ex</span> <span class='ocrx_word' id='word_1_357' title='bbox 2186 4394 2461 4451; x_wconf 58' lang='lat' dir='ltr'>doctrina</span> <span class='ocrx_word' id='word_1_358' title='bbox 2484 4399 2771 4455; x_wconf 82' lang='lat' dir='ltr'>ecclesiae</span> 
     </span>
    </p>
   </div>
   <div class='ocr_carea' id='block_1_12' title="bbox 543 4463 2770 4607">
    <p class='ocr_par' dir='ltr' id='par_1_13' title="bbox 543 4463 2770 4607">
     <span class='ocr_line' id='line_1_42' title="bbox 543 4463 2770 4607; baseline 0.004 -86"><span class='ocrx_word' id='word_1_359' title='bbox 543 4463 1046 4607; x_wconf 37' lang='lat' dir='ltr'>pagzverbo&#39;</span> <span class='ocrx_word' id='word_1_360' title='bbox 1069 4474 1133 4519; x_wconf 80' lang='lat' dir='ltr'>et</span> <span class='ocrx_word' id='word_1_361' title='bbox 1163 4465 1319 4519; x_wconf 83' lang='lat' dir='ltr'>inter</span> <span class='ocrx_word' id='word_1_362' title='bbox 1343 4479 1362 4517; x_wconf 88' lang='grc' dir='ltr'>ι</span> <span class='ocrx_word' id='word_1_363' title='bbox 1407 4481 1478 4522; x_wconf 83' lang='lat' dir='ltr'>os</span> <span class='ocrx_word' id='word_1_364' title='bbox 1500 4470 1602 4539; x_wconf 87' lang='lat' dir='ltr'>qui</span> <span class='ocrx_word' id='word_1_365' title='bbox 1634 4482 1711 4522; x_wconf 82' lang='lat' dir='ltr'>ex</span> <span class='ocrx_word' id='word_1_366' title='bbox 1738 4468 1871 4523; x_wconf 87' lang='lat' dir='ltr'>solo</span> <span class='ocrx_word' id='word_1_367' title='bbox 1894 4482 2075 4523; x_wconf 73' lang='lat' dir='ltr'>sensu</span> <span class='ocrx_word' id='word_1_368' title='bbox 2096 4470 2331 4526; x_wconf 81' lang='lat' dir='ltr'>litterae</span> <span class='ocrx_word' id='word_1_369' title='bbox 2356 4469 2555 4535; x_wconf 86' lang='lat' dir='ltr'>Verbi,</span> <span class='ocrx_word' id='word_1_370' title='bbox 2575 4474 2770 4546; x_wconf 80' lang='lat' dir='ltr'>qualis</span> 
     </span>
     <span class='ocr_line' id='line_1_43' title="bbox 571 4554 840 4593; baseline -0.004 -1"><span class='ocrx_word' id='word_1_371' title='bbox 571 4554 630 4593; x_wconf 87' lang='lat' dir='ltr'>n.</span> <span class='ocrx_word' id='word_1_372' title='bbox 821 4572 840 4591; x_wconf 85' lang='lat'><strong>.</strong></span> 
     </span>
    </p>
   </div>
  </div>
 </body>
</html>
