3371 5304
522 623 644 703 136
1167 635 1268 688 DE
1311 635 1566 690 CAELO
1612 639 1709 689 ET
1756 638 2119 691 INFERNO.

511 817 585 873 et
622 827 892 891 quoque
929 809 1125 873 ideae
1163 809 1614 892 cogitationis
1651 829 1885 875 eorum
1923 810 2523 895 comprehendunt
2562 815 2752 892 talia,

509 918 682 986 quae
736 903 947 968 homo
1006 923 1143 967 non
1205 905 1413 988 capit,
1464 905 1687 968 minus
1745 904 1975 988 eloqui
2040 915 2297 988 potest.
2390 907 2562 973 Inde
2621 921 2750 987 est,

506 1000 690 1081 quod
728 998 846 1063 illa
877 1020 1052 1082 quae
1089 1001 1156 1064 in
1195 999 1392 1064 caelo
1429 1001 1668 1064 audita
1707 1011 1780 1064 et
1818 1001 1966 1066 visa
2006 1011 2188 1078 sunt,
2230 1003 2548 1068 dicantur
2582 1005 2751 1070 inef-

505 1092 758 1171 fabilia,
793 1104 866 1159 et
903 1095 1068 1160 talia
1099 1115 1274 1178 quae
1299 1115 1634 1178 nusquam
1664 1097 1847 1160 auris
1878 1097 2141 1162 audivit
2178 1107 2251 1161 et
2291 1099 2527 1162 oculus
2556 1101 2749 1166 vidit.

508 1188 711 1271 Quod
759 1191 859 1254 ita
913 1192 1025 1266 sit,
1067 1193 1276 1255 etiam
1333 1211 1452 1274 per
1513 1193 2016 1275 experientiam
2077 1194 2251 1258 scire
2311 1192 2552 1258 datum
2596 1205 2747 1260 est:

503 1285 910 1368 quandoque
949 1287 1194 1349 missus
1226 1305 1374 1349 sum
1413 1287 1481 1350 in
1514 1297 1776 1351 statum
1816 1287 1882 1349 in
1916 1307 2051 1370 quo
2082 1288 2313 1370 angeli
2351 1300 2535 1364 sunt,
2572 1299 2643 1354 et
2680 1292 2749 1354 in

503 1398 588 1442 eo
635 1388 824 1445 statu
871 1377 1140 1444 locutus
1186 1401 1334 1445 sum
1383 1399 1538 1444 cum
1585 1380 1741 1455 illis,
1782 1391 1854 1446 et
1901 1391 2065 1446 tunc
2112 1382 2435 1446 intellexi
2472 1387 2746 1464 omnia;

500 1474 622 1537 sed
669 1493 824 1538 cum
863 1476 1184 1540 remissus
1231 1495 1380 1539 sum
1428 1476 1495 1539 in
1543 1485 1801 1540 statum
1841 1494 2067 1540 meum
2108 1478 2491 1559 pristinum,
2533 1488 2604 1542 et
2650 1480 2745 1544 sic

497 1569 566 1631 in
605 1571 1106 1651 cogitationem
1135 1570 1517 1635 naturalem
1541 1570 1803 1634 homini
1834 1572 2199 1654 propriam,
2236 1582 2307 1636 et
2338 1573 2746 1656 recolligere

497 1663 682 1727 volui
719 1685 894 1747 quae
926 1666 1176 1742 audivi,
1213 1685 1348 1729 non
1390 1667 1621 1748 potui;
1670 1677 1871 1731 erant
1910 1667 2092 1730 enim
2126 1667 2339 1730 millia
2383 1689 2559 1750 quae
2606 1689 2745 1733 non

497 1759 888 1842 adaequata
932 1772 1129 1825 erant
1177 1761 1349 1824 ideis
1396 1761 1846 1842 cogitationis
1893 1760 2247 1837 naturalis,
2289 1763 2387 1827 ita
2433 1784 2570 1827 non
2618 1785 2743 1828 ex-

497 1855 898 1936 pressibilia,
942 1857 1067 1918 nisi
1106 1855 1328 1919 solum
1368 1877 1487 1938 per
1523 1857 2039 1938 variegationes
2079 1856 2246 1920 lucis
2284 1856 2630 1934 caelestiS,
2670 1869 2745 1924 et

495 1947 592 2012 sic
633 1948 1025 2015 nullatenus
1062 1972 1184 2034 per
1219 1970 1426 2015 voces
1458 1951 1811 2014 humanas
1902 1951 2109 2015 Ideae
2142 1953 2586 2034 cogitationis
2617 1974 2741 2018 an·

493 2044 830 2126 gelorum,
879 2067 970 2108 ex
1016 2046 1258 2129 quibus
1303 2067 1511 2110 voces
1558 2066 1815 2121 eorum,
1864 2056 2025 2109 sunt
2071 2067 2339 2128 quoque
2387 2047 2741 2112 modifica-

495 2141 720 2205 tiones
766 2141 936 2204 lucis
983 2141 1176 2216 caeli,
1226 2151 1295 2206 et
1343 2139 1740 2206 affeEtiones
1786 2163 1877 2204 ex
1923 2142 2167 2224 quibus
2212 2161 2425 2205 sonus
2468 2163 2737 2220 vocum,

494 2246 654 2300 sunt
691 2238 1106 2300 variationes
1145 2237 1392 2301 caloris
1429 2236 1626 2312 caeli,
1663 2238 1986 2318 quoniam
2027 2237 2147 2300 lux
2187 2236 2360 2301 caeli
2394 2249 2503 2302 est
2545 2239 2736 2303 Divi-

493 2351 652 2394 num
679 2350 911 2395 verum
939 2352 1058 2394 seu
1090 2333 1449 2414 sapientia,
1473 2342 1545 2396 et
1578 2330 1768 2395 calor
1791 2330 1964 2395 caeli
1990 2342 2098 2395 est
2132 2331 2456 2396 Divinum
2482 2335 2737 2398 bonum

493 2447 613 2490 seu
679 2446 870 2490 amor
933 2426 1277 2508 (videatur
1334 2447 1558 2509 supra,
1615 2447 1677 2490 n.
1752 2426 2067 2509 126-140)
2102 2448 2117 2505 ;
2187 2437 2259 2491 et
2326 2447 2418 2491 ex
2486 2428 2738 2492 Divino

490 2540 725 2584 amore
764 2531 871 2584 est
919 2521 1185 2604 angelis
1223 2517 1514 2596 affectiO,
1555 2530 1627 2585 et
1667 2542 1759 2586 ex
1800 2520 2051 2584 Divina
2080 2522 2421 2604 sapientia
2456 2533 2564 2587 est
2603 2523 2737 2588 illis

490 2613 981 2700 cogitatio.(’”’'‘)

613 2728 816 2797 240.
876 2712 1054 2795 Quia
1093 2710 1367 2797 loquela
1404 2712 1815 2795 angelorum
1854 2712 2253 2777 immediate
2292 2714 2606 2795 procedit
2642 2736 2735 2779 ex

485 2805 845 2873 affectione
876 2808 1170 2883 illorum,
1199 2827 1358 2872 nam
1396 2805 1501 2890 (ut
1529 2828 1754 2889 supra,
1790 2827 1853 2870 n.
1890 2807 2033 2887 236,
2070 2805 2329 2873 dictum
2348 2806 2510 2893 est,)
2538 2809 2733 2874 ideae

486 2904 930 2985 cogitationis
967 2912 1128 2967 sunt
1164 2904 1391 2967 variae
1429 2903 1711 2977 formae,
1746 2904 1817 2965 in
1848 2923 2019 2985 quas
2050 2900 2319 2966 affectio
2352 2905 2735 2968 communis

485 2998 860 3062 distributa
904 3007 1036 3075 est,
1077 2999 1236 3062 ideo
1283 3006 1572 3080 possunt
1618 2998 1853 3079 angeli
1898 2999 2078 3061 intra
2123 2999 2461 3061 minutum
2500 3000 2733 3081 expri-

485 3112 672 3157 mere
701 3093 822 3158 illa
851 3115 1026 3177 quae
1058 3095 1266 3158 homo
1300 3112 1438 3159 non
1471 3102 1709 3175 potest
1740 3094 1924 3157 intra
1958 3093 2421 3169 semihorium,
2457 3103 2530 3157 et
2563 3114 2733 3178 quo-

483 3210 616 3271 que
661 3197 951 3269 possunt
1013 3209 1134 3271 per
1185 3188 1451 3272 aliquot
1496 3209 1707 3253 voces
1753 3187 1996 3251 sistere
2041 3209 2217 3270 quae
2266 3188 2523 3270 scripta
2568 3200 2733 3253 sunt

481 3284 784 3367 pluribus
822 3285 1129 3367 paginis:
1187 3285 1318 3348 hoc
1366 3304 1634 3367 quoque
1670 3293 2012 3347 testatum
2050 3294 2159 3347 est
2208 3283 2370 3346 mihi
2410 3302 2534 3367 per
2578 3284 2731 3368 plu·

479 3398 625 3443 rem
685 3376 1316 3463 experientiam.(⁸⁸)
1409 3378 1614 3443 Ideae
1669 3380 2121 3461 cogitationis
2174 3378 2607 3461 angelorum,
2654 3390 2728 3445 et

478 3495 688 3540 voces
726 3474 1042 3559 loquelae
1075 3474 1369 3550 illorum,
1405 3474 1504 3539 ita
1549 3494 1757 3539 unum
1795 3475 2076 3547 faciunt,
2117 3474 2296 3537 sicut
2336 3494 2543 3537 causa
2580 3474 2729 3539 effi-

477 3572 664 3636 ciens
702 3580 775 3635 et
813 3568 1132 3649 effe&us;
1187 3590 1349 3634 nam
1388 3571 1656 3634 sistitur
1700 3571 1770 3634 in
1816 3570 2101 3634 vocibus
2147 3570 2213 3632 in
2262 3566 2505 3633 effectu
2543 3571 2729 3652 quod

476 3668 544 3731 in
583 3668 756 3731 ideis
785 3668 1234 3749 cogitationis
1265 3675 1372 3729 est
1413 3666 1480 3729 in
1518 3686 1769 3729 causa:
1819 3666 1976 3729 inde
2014 3673 2121 3729 est
2161 3664 2346 3747 quod
2381 3684 2727 3747 unaquae-

474 3765 578 3827 vis
609 3784 752 3828 vox
789 3764 857 3827 in
904 3783 977 3827 se
1011 3762 1556 3843 comprehendat
1593 3770 1741 3825 tam
1779 3761 2017 3827 multa.
2108 3760 2478 3843 Apparent
2512 3762 2724 3825 etiam

476 3856 750 3941 singula
786 3857 1259 3940 cogitationiS,
1301 3867 1372 3921 et
1419 3858 1579 3921 inde
1626 3856 1901 3939 singula
1938 3856 2255 3941 loquelae
2292 3855 2724 3938 angelorum,

1263 4107 1341 4160 (ιι
1367 4112 1562 4149 anemis
1586 4106 1919 4160 cmm)

582 4221 745 4289 (mm)
857 4220 980 4276 uod
1009 4220 1176 4276 ideae
1203 4220 1568 4291 angelorum,
1591 4236 1664 4275 ex
1683 4220 1901 4291 quibus
1920 4220 2262 4291 loquuntur,
2280 4218 2431 4274 fiant
2449 4234 2556 4290 per
2572 4216 2725 4274 lucis

473 4292 621 4347 caeli
649 4292 800 4347 mira
843 4292 952 4348 iles
975 4292 1416 4363 variegationes
1444 4294 1524 4361 (n.
1556 4290 1708 4357 1646,
1737 4306 1892 4360 3343,
1922 4290 2113 4361 3693[?
2132 4288 2339 4361 39931).

581 4408 710 4477 (nn)
761 4406 943 4481 Quod
963 4408 1158 4481 angeli
1175 4408 1509 4479 exprimere
1528 4407 1762 4493 possint
1784 4423 1891 4477 per
1904 4423 2073 4461 suam
2089 4406 2391 4479 loquelam
2408 4414 2723 4489 momento

473 4478 643 4549 plura
659 4494 858 4563 ‚quam
897 4479 1084 4534 homo
1121 4495 1231 4550 per
1264 4478 1653 4534 semihonum
1694 4494 1803 4548 per
1835 4494 2025 4541 suam,
2057 4488 2120 4533 et
2158 4478 2321 4549 quod
2353 4488 2535 4531 etiam
2574 4476 2723 4532 talia

471 4564 636 4691 ἓξὲξ)
659 4566 717 4603 m
745 4566 920 4607 voces
945 4550 1187 4622 linguae
1213 4549 1511 4606 humanae
1539 4566 1658 4605 non
1679 4549 1907 4605 cadunt
1924 4550 2007 4617 (n.
2036 4548 2363 4617 1641-1643.
2388 4548 2541 4618 1645,
2560 4548 2718 4617 4609.
