3371 5304
1184 643 1286 696 DE
1331 639 1773 694 SCRIPTURIS
1817 639 1903 691 IN
1946 633 2221 690 CAELo.
2700 635 2823 702 149

570 824 990 903 affefitiones,
1023 845 1146 908 per
1175 833 1647 890 consonantes
1677 821 1869 886 ideas
1898 818 2353 903 cogitationis
2384 838 2475 882 ex
2514 814 2820 881 affectio-

571 923 805 1000 nibuS,
829 932 903 988 et
941 942 1062 1006 per
1097 941 1308 985 voces
1345 940 1437 984 ex
1475 918 1612 982 illis
1647 935 1927 982 sensum
1964 917 2061 981 rei
2103 914 2449 998 (videatur
2487 931 2711 995 supra,
2751 931 2817 976 n.

571 1019 716 1100 236,
757 1017 937 1102 241).
1029 1015 1227 1081 Haec
1273 1017 1614 1099 scriptura
1651 1003 1866 1078 etiam
1914 1011 2207 1076 involvit
2253 1010 2489 1094 paucis
2533 1007 2821 1072 vocibus

571 1114 766 1198 plura
810 1131 1015 1197 quam
1060 1111 1272 1176 homo
1316 1119 1556 1194 potest
1602 1129 1727 1191 per
1770 1108 2034 1191 aliquot
2081 1107 2371 1189 paginas
2409 1103 2820 1169 describere.

573 1209 786 1274 Visae
829 1209 1042 1272 etiam
1079 1206 1244 1271 mihi
1288 1205 1452 1270 illae
1495 1206 1881 1288 scripturae
1918 1211 2099 1267 sunt.
2192 1201 2305 1266 Ita
2349 1199 2823 1282 conscriptum

571 1305 832 1370 habent
871 1302 1180 1368 Verbum
1225 1302 1294 1365 in
1339 1298 1550 1366 caelis
1586 1298 2040 1374 inferioribus,
2082 1307 2154 1361 et
2200 1316 2322 1379 per
2366 1296 2622 1360 formas
2661 1314 2821 1358 cae-

572 1397 788 1464 lestes
825 1401 892 1462 in
930 1393 1130 1462 caelo
1167 1397 1432 1460 intimo.

697 1494 892 1560 262·
951 1490 1403 1556 Memorabile
1441 1500 1573 1566 est,
1609 1489 1793 1574 quod
1842 1488 2221 1572 scripturae
2258 1487 2325 1550 in
2364 1485 2821 1551 caelis-fluant

575 1587 979 1652 naturaliter
1011 1608 1102 1651 ex
1135 1587 1300 1668 ipsis
1331 1605 1566 1650 eorum
1597 1583 2162 1668 cogitationibus,
2200 1591 2341 1647 tam
2374 1581 2553 1646 sacili
2588 1581 2819 1663 opera,

575 1692 648 1747 ut
677 1684 766 1748 sit
794 1683 988 1767 quasi
1019 1681 1360 1764 cogitatio
1391 1700 1466 1744 se
1499 1679 1771 1763 ejiciat3
1821 1698 1947 1743 nec
1980 1678 2223 1743 haeret
2256 1697 2497 1740 manus
2534 1678 2603 1740 in
2636 1676 2822 1740 elec-

575 1779 766 1842 tione
796 1776 1081 1858 alicujus
1112 1777 1324 1850 vocis,
1359 1777 1516 1859 quia
1547 1793 1779 1850 voces,
1808 1785 1953 1838 tam
1979 1793 2149 1857 quas
2181 1773 2593 1856 eloquuntur
2616 1789 2823 1855 quam

573 1891 742 1954 quas
778 1872 1109 1946 scribunt,
1149 1872 1695 1954 correspondent
1734 1871 1905 1934 ideis
1942 1870 2393 1952 cogitationis
2426 1887 2700 1944 eorum;
2748 1876 2820 1931 et

576 1967 796 2030 omnis
829 1967 1440 2050 correspondentia
1477 1979 1586 2032 est
1633 1967 1965 2031 naturalis
2010 1977 2084 2030 et
2131 1972 2537 2049 spontanea.
2629 1963 2820 2026 Dan·-

575 2071 685 2125 tur
722 2063 929 2126 etiam
975 2063 1044 2125 in
1089 2062 1301 2126 caelis
1339 2065 1717 2146 scripturae
1756 2064 2015 2145 absque
2060 2082 2192 2145 ope
2231 2079 2495 2135 manus,
2536 2081 2627 2122 ex
2674 2059 2824 2122 sola

575 2156 1192 2240 correspondentia
1228 2159 1783 2240 cogitationum;
1831 2159 1954 2221 sed
1992 2157 2123 2221 hae
2161 2177 2301 2220 non
2340 2164 2768 2238 permanent.

701 2252 900 2334 263.
961 2251 1123 2315 Vidi
1160 2254 1374 2316 etiam
1411 2255 1787 2336 scripturas
1832 2273 1869 2316 e
1916 2251 2113 2316 caelo
2148 2273 2241 2315 ex
2280 2252 2485 2314 meris
2524 2249 2823 2313 numeris

576 2347 882 2410 exaratis
918 2347 987 2409 in
1027 2348 1267 2410 ordine
1305 2357 1376 2412 et
1415 2348 1482 2412 in
1521 2349 1716 2422 serie,
1756 2347 1962 2431 plane
2000 2348 2175 2411 sicut
2213 2348 2280 2410 in
2328 2346 2683 2428 scripturis
2732 2366 2822 2408 ex

576 2440 825 2505 litteris
862 2451 934 2505 et
979 2443 1285 2518 vocibuS,
1327 2451 1400 2506 et
1446 2439 1821 2506 instructus
1858 2461 2005 2504 sum
2045 2442 2229 2524 quod
2274 2442 2447 2505 haec
2486 2443 2825 2523 scriptura

575 2539 662 2600 sit
698 2557 790 2600 ex
828 2537 1072 2601 intImo
1110 2537 1327 2613 caelo,
1363 2548 1434 2602 et
1481 2539 1664 2622 quod
1702 2538 2028 2602 caelestis
2059 2557 2292 2601 eorum
2328 2538 2665 2620 scriptura
2707 2537 2823 2620 (de

576 2654 710 2716 qua
767 2651 994 2717 supra,
1043 2654 1106 2697 n.
1153 2632 1301 2709 260,
1351 2633 1497 2710 261,
1547 2631 1775 2699 acium
1829 2631 1999 2719 est,)
2050 2633 2339 2698 sistatur
2398 2633 2464 2697 in
2526 2635 2823 2698 numeris

577 2729 756 2811 apud
787 2728 1077 2811 angelos
1109 2729 1440 2793 inferioris
1473 2729 1670 2806 caeli,
1706 2749 1859 2796 cum
1893 2731 2232 2812 cogitatio
2264 2750 2354 2793 ex
2394 2728 2513 2793 illa
2545 2727 2779 2792 defluit
2805 2750 2823 2807 ;

579 2832 652 2888 et
697 2826 879 2907 quod
921 2824 1286 2889 numeralis
1323 2825 1442 2889 illa
1478 2827 1813 2909 scriptura
1850 2826 2163 2891 similiter
2200 2826 2509 2889 involvat
2550 2846 2821 2896 arcana,

577 2940 861 3003 quorum
897 2920 1124 3003 aliqua
1161 2942 1299 2985 non
1337 2922 1830 3004 comprehendi
1868 2924 2321 3005 cogitatione,
2364 2941 2490 2986 nec
2531 2922 2825 3006 exprimi

577 3016 860 3079 vocibus
905 3026 1240 3099 possunt:
1311 3036 1551 3081 omnes
1597 3018 1782 3082 enim
1828 3018 2090 3081 numeri
2136 3017 2709 3101 correspondent,
2751 3026 2824 3081 et

579 3108 952 3174 secundum
975 3113 1660 3195 correspondentiam
1683 3112 2097 3195 significant,
2121 3134 2337 3197 aeque
2362 3132 2441 3177 ac
2468 3132 2677 3177 voces
2706 3110 2825 3189 ὕ»)

579 3226 734 3271 cum
771 3206 1156 3272 differentia
1193 3219 1453 3287 tamen,
1495 3210 1678 3293 quod
1718 3210 1981 3273 numeri
2012 3207 2371 3272 involvant
2410 3209 2824 3282 communia,

579 3311 650 3365 et
712 3321 922 3365 voces
980 3302 1398 3385 singularia3
1477 3316 1550 3368 et
1622 3304 1781 3387 quia
1840 3323 2045 3368 unum
2106 3324 2468 3368 commune
2529 3303 2824 3367 involvit

579 3396 934 3461 innumera
991 3398 1382 3481 singularia,
1422 3400 1584 3464 inde
1637 3408 1769 3475 est,
1815 3401 1999 3483 quod
2062 3399 2430 3463 numeralis
2490 3401 2827 3481 scriptura

577 3491 888 3556 involvat
921 3512 1172 3557 arcana
1203 3493 1394 3577 plura
1425 3514 1628 3577 quam
1655 3494 1998 3559 litteralis.
2090 3494 2205 3558 Ex
2242 3495 2349 3558 his
2386 3496 2608 3577 patuit
2636 3493 2824 3569 mihi,

579 3588 760 3671 quod
800 3589 1062 3653 numeri
1107 3591 1175 3653 in
1215 3588 1454 3653 Verbo
1489 3610 1706 3674 aeque
1745 3590 2137 3673 significent
2177 3610 2285 3654 res
2330 3610 2409 3654 ac
2456 3611 2667 3655 voces
2712 3591 2823 3654 ibi.

582 3680 765 3765 Quid
791 3685 1055 3748 numeri
1079 3684 1450 3768 simplices,
1475 3695 1550 3749 ut
1591 3700 1651 3761 2,
1682 3702 1741 3767 3,
1773 3705 1837 3766 4,
1872 3700 1927 3769 5,
1952 3686 2015 3762 6,
2043 3702 2104 3768 7,
2134 3688 2193 3762 8,
2216 3704 2277 3769 9,
2314 3702 2411 3761 10,
2442 3702 2537 3762 12,
2566 3696 2637 3750 et
2665 3686 2826 3769 quid

1359 3929 1442 3981 (xx
1466 3940 1664 3973 ancariis
1690 3930 2019 3984 cauma)

687 4045 816 4115 (ῃ)
867 4042 1048 4117 Quod
1085 4060 1298 4101 omnes
1336 4047 1566 4101 numeri
1607 4047 1668 4101 in
1696 4046 1901 4103 Verbo
1934 4048 2279 4121 significent
2314 4065 2409 4105 res
2448 4052 2529 4118 (n.
2554 4049 2678 4116 482,
2702 4049 2826 4117 487.

578 4115 701 4240 247.
749 4114 903 4239 64⁵}3⁸3
918 4126 1040 4185 755.
1079 4115 1201 4186 813.
1246 4116 1396 4187 1963·
1443 4117 1593 4186 1988,
1633 4131 1790 4187 2075.
1831 4133 1988 4188 2252.
2028 4133 2183 4191 3252.
2218 4120 2379 4188 4264.
2412 4119 2609 4191 46749
2642 4120 2828 4191 4670]-

621 4186 1577 4328 ¹⁷3232niuffi53'cssssffnf‘ffggss
1603 4260 1783 4329 5265).

645 4396 659 4411 .
689 4324 870 4452 qiod
910 4327 1144 4411 numeri
1181 4329 1564 4414 multiplicati
1595 4331 1814 4414 similia
1838 4330 2183 4403 significent
2220 4348 2357 4389 cum
2384 4333 2650 4391 numeris
2688 4334 2831 4389 sim-

579 4398 834 4539 ‘anglus
857 4414 895 4454 a
912 4400 1131 4470 quibus
1151 4415 1259 4471 per
1273 4401 1837 4471 multiplicationem
1856 4414 2186 4477 exsurgunt
2209 4406 2289 4473 (n.
2315 4417 2465 4474 5291,
2492 4415 2645 4475 5335,
2670 4404 2825 4475 5708,

686 4538 868 4612 Quod
898 4538 1302 4625 antiquissimi
1335 4540 1654 4598 habuerint
1682 4558 1903 4601 arcana
1930 4544 2212 4603 caelestia
2250 4546 2310 4601 in
2342 4545 2622 4610 numeris,
2654 4546 2825 4620 quasi

583 4622 939 4683 computum
965 4612 1442 4669 ecclesiasticum
1467 4616 1548 4682 (n.
1577 4615 1723 4685 575).
