3371 5304
870 649 1186 702 CAELUM
1233 650 1372 702 EST
1417 651 1893 704 DISTINCTUM
1939 653 2023 704 IN
2070 654 2230 707 DUO
2274 657 2556 709 REGNA.
2760 653 2845 721 23

607 821 962 908 spirituale
1020 830 1309 886 vocatur
1371 839 1661 904 regnum
1720 823 1984 905 regium
2044 823 2287 907 IpsiuS,
2344 833 2417 888 et
2482 824 2549 888 in
2612 821 2851 890 Verbo

611 918 957 982 “thronus
1009 917 1230 1001 Ipsius
1251 915 1454 982 :”·ex
1510 918 1761 983 Divino
1804 917 2089 984 caelesti
2132 920 2343 984 etiam
2390 919 2724 984 Dominus
2780 921 2851 984 in

535 1097 542 1104 ³
607 1013 866 1102 mundo
923 1011 1313 1094 appellatus
1369 1021 1481 1077 est
1542 1012 1861 1096 “Jesus,”
1917 1023 1989 1080 et
2054 1035 2146 1078 ex
2208 1013 2459 1079 Divino
2514 1013 2851 1098 spirituali

611 1113 654 1142 ‘⁸
677 1105 1046 1174 Christus.”

733 1217 868 1286 25.
926 1201 1186 1286 Angeli
1245 1203 1313 1266 in
1359 1221 1576 1286 regno
1611 1202 1897 1268 caelesti
1933 1203 2213 1267 Domini
2249 1203 2455 1268 valde
2499 1201 2851 1269 excellent

607 1297 946 1380 sapientia
981 1307 1053 1363 et
1097 1296 1320 1381 gloria
1354 1317 1514 1379 prae
1547 1298 1815 1381 angelis
1853 1300 1965 1381 qui
2010 1300 2077 1362 in
2116 1317 2333 1382 regno
2369 1299 2723 1381 spirituali,
2758 1319 2850 1364 ex

605 1412 815 1458 causa
857 1393 1014 1476 quia
1056 1393 1339 1457 interius
1385 1394 1721 1476 recipiunt
1762 1393 2084 1458 Divinum
2125 1393 2427 1470 Domini,
2463 1402 2624 1459 sunt
2670 1396 2851 1458 enim

605 1489 673 1552 in
699 1505 930 1553 amore
954 1487 1022 1550 in
1051 1487 1303 1570 Ipsum,
1332 1497 1404 1552 et
1431 1488 1589 1552 inde
1617 1487 1756 1570 Ipsi
1780 1489 2129 1572 propiores
2154 1497 2225 1552 et
2251 1485 2849 1571 conjunstioressffi

606 1581 814 1666 Quod
843 1581 944 1647 illi
969 1581 1199 1664 angeli
1231 1582 1409 1646 tales
1434 1583 1594 1658 sint,
1622 1592 1732 1647 est
1778 1584 1935 1667 quia
1959 1593 2363 1666 receperunt
2394 1593 2467 1648 et
2512 1585 2847 1666 recipiunt

605 1675 857 1742 Divina
899 1699 1064 1742 vera
1107 1679 1344 1742 statim
1391 1680 1458 1742 in
1504 1679 1670 1754 vita,
1719 1688 1792 1743 et
1838 1697 1977 1743 non
2022 1689 2097 1743 ut
2143 1679 2531 1761 spirituales
2578 1681 2853 1761 praevia

606 1773 936 1837 memoria
979 1783 1052 1838 et
1099 1773 1565 1855 cogitatione;
1613 1783 2036 1856 quapropter
2070 1773 2330 1838 habent
2366 1773 2486 1837 illa
2522 1775 2849 1858 inscripta

605 1868 922 1933 cordibus
959 1870 1117 1946 suis,
1157 1888 1235 1932 ac
1275 1869 1662 1953 percipiunt
1698 1868 1818 1933 illa
1852 1880 1925 1934 et
1963 1869 2157 1952 quasi
2189 1869 2429 1933 vident
2473 1869 2592 1934 illa
2636 1871 2703 1933 in
2751 1889 2846 1944 se,

604 1983 730 2028 nec
763 1983 1046 2047 usquam
1071 1965 1564 2029 ratiocinantur
1594 1964 1682 2028 de
1714 1965 1847 2028 illis
1873 1983 2033 2028 num
2057 1965 2156 2029 ita
2184 1963 2274 2028 sit
2305 1963 2418 2030 vel
2450 1983 2587 2028 non
2611 1963 2709 2029 ita
2732 1961 2848 2028 ιω*

605 2068 766 2124 sunt
805 2049 1044 2142 quales
1080 2058 1558 2123 describuntur
1595 2059 1777 2142 apud
1816 2058 2217 2135 Jeremz'am,

705 2195 736 2217 ‘⁸
755 2191 946 2243 Indam
967 2193 1142 2256 legem
1168 2207 1348 2242 ineam
1372 2194 1543 2242 menti
1565 2207 1773 2250 eorum,
1800 2201 1856 2242 et
1879 2193 2028 2242 cordi
2052 2207 2240 2242 eorum
2269 2192 2559 2242 inscribam
2595 2207 2715 2242 eam
2736 2210 2772 2243 t.
2792 2231 2807 2242 .
2826 2231 2839 2244 .

869 2273 979 2308 non
997 2259 1266 2308 docebunt
1279 2259 1510 2322 amplius
1529 2257 1811 2322 quisquam
1826 2258 2058 2308 amicum
2072 2273 2229 2308 snum
2250 2269 2304 2307 et
2321 2259 2441 2322 quis
2478 2273 2603 2307 uam
2624 2258 2843 2308 fratrem

867 2338 1040 2382 suurn,
1065 2324 1312 2382 dicendo,
1341 2323 1671 2386 Cognoscite
1701 2323 1964 2388 Jehovam
1984 2338 2021 2383 ς.
2042 2333 2399 2388 ,cognoscent
2486 2338 2519 2372 e
2552 2337 2587 2374 a
2620 2325 2847 2376 minimo

867 2404 1053 2440 eorum
1079 2391 1150 2440 ad
1173 2389 1468 2440 maximum
1492 2403 1680 2439 eoi-uin
1697 2388 1727 2410 ”
1755 2389 1919 2452 (xxxi.
1943 2401 2024 2451 33,
2051 2391 2151 2452 34).

606 2514 702 2580 Et
739 2523 1079 2581 vocantur
1114 2514 1295 2598 apud
1327 2483 1636 2590 Esaiam,
1846 2583 1851 2588 ,

1314 2641 1344 2665 “
1361 2636 1523 2691 noeti
1547 2656 1582 2690 a
1603 2639 1849 2707 Jehovah
1868 2636 1900 2661 '⁹
1913 2637 2024 2703 (liv.
2053 2638 2154 2704 13):

607 2779 787 2863 quod
825 2778 941 2862 qui
977 2774 1165 2841 doc'ti
1201 2798 1243 2841 a
1277 2776 1591 2859 jehovah
1631 2776 1772 2840 sint
1809 2776 1923 2858 qui
1959 2772 2146 2841 doc'ti
2182 2796 2223 2839 a
2266 2775 2593 2851 Domino,
2631 2775 2842 2841 docet

605 2872 764 2955 Ipse
803 2872 1138 2937 Dominus
1174 2872 1354 2954 apud
1392 2870 1779 2946 Johannm
1812 2869 1993 2952 (cap.
2032 2871 2121 2933 vi.
2158 2884 2266 2951 45,
2302 2870 2443 2952 46).

731 2968 873 3033 26·
933 2963 1208 3031 Distum
1248 2975 1376 3043 est,
1416 2966 1600 3049 quod
1638 2966 1774 3030 illis
1812 2966 2154 3048 sapientia
2190 2974 2263 3029 et
2301 2964 2521 3048 gloria
2557 2966 2648 3029 sit
2680 2986 2845 3049 prae

603 3062 900 3146 reliquis,
947 3062 1104 3148 quia
1148 3070 1554 3144 receperunt
1601 3070 1672 3127 et
1720 3061 2054 3161 recigiunt
2103 3059 2352 3124 Divina
2397 3080 2559 3124 vera
2604 3062 2843 3125 statim

602 3158 671 3221 in
725 3158 910 3236 vita3
978 3165 1053 3221 ut
1114 3158 1402 3239 primum
1447 3156 1630 3221 enim
1675 3157 1965 3220 audiunt
2020 3154 2161 3231 illa,
2210 3155 2421 3218 etiam
2468 3154 2712 3219 volunt
2772 3165 2844 3221 et

602 3251 862 3316 faciunt
909 3250 1050 3327 illa,
1091 3270 1217 3315 nec
1265 3260 1606 3334 reponunt
1666 3252 1737 3314 in
1794 3251 2145 3324 memoria,
2190 3259 2264 3313 et
2323 3250 2481 3313 dein
2528 3248 2844 3331 cogitant

606 3366 766 3410 num
813 3347 910 3411 ita
957 3346 1069 3410 sit.
1160 3343 1296 3428 Qui
1341 3344 1520 3409 tales
1557 3352 1737 3419 sunt,
1778 3346 2005 3410 sciunt
2043 3344 2231 3407 illico
2267 3364 2389 3427 per
2425 3343 2755 3408 influxum
2801 3364 2842 3408 a

605 3441 932 3517 Domin0‚
971 3460 1131 3505 num
1169 3460 1404 3505 verum
1442 3440 1532 3505 sit
1568 3458 1803 3504 verum
1843 3440 2025 3522 quod
2064 3439 2374 3513 audiunt,
2411 3438 2624 3503 influit
2660 3439 2843 3503 enim

604 3536 942 3599 Dominus
973 3536 1372 3600 immediate
1407 3536 1475 3598 in
1507 3534 1691 3599 velle
1722 3534 2044 3609 hominis,
2072 3544 2145 3598 et
2178 3533 2479 3598 mediate
2511 3554 2633 3615 per
2662 3532 2842 3597 velle

602 3632 672 3695 in
709 3630 851 3713 ejus
888 3632 1239 3713 cogitare3
1285 3650 1406 3693 seu
1442 3630 1626 3715 quod
1662 3629 1870 3705 idem,
1904 3628 2123 3692 influit
2154 3628 2490 3695 Dominus
2528 3627 2841 3692 immedi-

1381 3872 2023 3927 (amentiam)

713 3990 816 4057 (εἳ)
855 3983 1035 4060 Quod
1061 3984 1256 4057 angeli
1283 3986 1574 4041 caelestes
1599 3986 1959 4040 immensum
1985 3985 2219 4057 sapiant
2250 4000 2391 4056 prae
2418 3983 2649 4057 angelis
2673 3984 2844 4056 spiri-

604 4056 866 4115 tualibus
894 4058 976 4128 (n.
1001 4055 1157 4123 2718.
1176 4058 1361 4126 9995).

769 4128 905 4184 uale
927 4128 1245 4183 discrimen
1275 4128 1433 4182 inter
1453 4125 1705 4199 angelos
1728 4126 2019 4182 caelestes
2042 4136 2106 4181 et
2132 4125 2288 4181 inter
2300 4124 2548 4196 angelos
2568 4142 2597 4181 s
2640 4124 2843 4181 iritun-

604 4200 692 4255 les
757 4216 814 4254 ii.
871 4197 1028 4336 208)8,
1072 4197 1229 4269 2669,
1278 4197 1433 4265 2708,
1475 4208 1631 4268 2715,
1659 4210 1816 4267 3235,
1849 4212 2005 4267 3²40·
2041 4196 2201 4263 4788.
2226 4196 2383 4265 7068,
2422 4195 2589 4267 812i[
2658 4196 2841 4268 852¹]-

605 4282 762 4340 9277,
793 4282 963 4339 10295
995 4309 1010 4324 .

714 4388 838 4475 (ξᾶ)
877 4386 1056 4473 Quod
1088 4386 1286 4475 angeli
1312 4388 1603 4445 caelestes
1627 4405 1749 4443 non
1770 4388 2210 4473 ‘rati-opinentur
2234 4388 2311 4471 qe
2334 4386 2492 4471 veris
2518 4386 2675 4450 fidei.
2701 4388 2843 4471 quia

607 4471 943 4545 percipiunt
963 4459 1066 4515 illa
1088 4476 1150 4515 in
1175 4461 1384 4543 se,.sed
1403 4459 1568 4531 quod
1587 4460 1785 4530 angeli
1804 4459 2148 4531 spirituales
2167 4467 2602 4513 ratiocinantur
2624 4458 2700 4513 de
2726 4458 2842 4513 illis

607 4548 750 4585 num
776 4540 862 4586 ita
883 4541 964 4586 sit
985 4531 1081 4585 vel
1113 4546 1233 4585 non
1260 4540 1348 4586 ita
1392 4532 1472 4597 (ii.
1505 4544 1626 4592 202,
1655 4542 1776 4599 337,
1810 4542 1925 4601 597,
1950 4529 2072 4597 607,
2104 4528 2225 4596 784.
2258 4543 2409 4591 1121.
2438 4527 2626 4599 1387[?
2662 4543 2683 4583 1
2694 4525 2837 4599 3841.

611 4600 797 4671 1398[?
829 4598 980 4672 1385.
1011 4600 1187 4670 13941.
1219 4615 1370 4672 1919.
1398 4601 1554 4671 3246.
1572 4602 1732 4669 4448.
1758 4602 1915 4671 7689.
1942 4602 2099 4670 7877.
2130 4602 2287 4671 8789.
2312 4617 2470 4674 9177.
2502 4602 2712 4671 19786).
