3371 5304
1077 639 1178 690 DE
1223 639 1471 690 STATU
1515 639 1729 692 PAcls
1774 639 1859 690 m
1900 637 2177 690 CAELO.
2698 627 2819 708 169

565 822 674 878 est
709 833 802 877 ex
835 831 968 895 qua
999 789 1493 876 omne'bonum
1527 811 1725 888 caeli,
1758 822 1831 877 et
1870 831 2011 894 pax
2048 831 2141 876 ex
2173 831 2307 896 qua
2336 829 2542 875 omne
2572 810 2815 892 jucun-

561 910 726 974 dum
761 907 944 972 illius
982 907 1166 972 boni.
1256 907 1427 972 Inde
1465 918 1789 972 constare
1826 918 2089 990 potest,
2128 907 2315 989 quod
2352 906 2599 971 similia
2640 927 2817 992 quae

565 1005 652 1070 de
702 1013 892 1070 statu
937 1004 1379 1068 innocentiae
1429 1004 1499 1068 in
1551 1003 1765 1068 caelis
1808 1004 1877 1066 in
1924 1003 2252 1086 superiori
2292 1002 2589 1067 articulo
2632 1000 2819 1068 dicta

564 1109 746 1173 sunt,
787 1099 998 1163 etiam
1037 1099 1126 1162 de
1164 1108 1354 1163 statu
1392 1098 1581 1181 pacis
1619 1098 1729 1161 hic
1768 1098 1903 1162 dici
1939 1107 2223 1182 queant,
2255 1099 2579 1179 quoniam
2618 1099 2816 1162 inno·

561 1195 796 1258 centia
829 1204 905 1260 et
951 1215 1092 1276 pax
1127 1191 1540 1276 conjunctae
1575 1203 1743 1257 sunt
1780 1195 1959 1258 sicut
1990 1193 2249 1258 bonum
2286 1204 2362 1258 et
2398 1193 2543 1275 ejus
2572 1193 2816 1274 jucun-

563 1290 750 1366 dum,
789 1289 1047 1354 bonum
1087 1291 1270 1354 enim
1307 1291 1605 1354 sentitur
1641 1309 1763 1372 per
1792 1307 1989 1352 suum
2020 1289 2419 1371 jucundum,
2458 1299 2531 1354 et
2570 1289 2813 1371 jucun-

559 1386 724 1450 dum
761 1385 1210 1467 cognoscitur
1241 1405 1338 1449 ex
1371 1405 1500 1449 suo
1535 1385 1741 1448 bono.
1833 1383 2011 1466 Quia
2048 1387 2148 1450 ita
2192 1391 2326 1461 est,
2367 1394 2589 1468 patet,
2626 1387 2814 1468 quod

557 1482 792 1564 angeli
835 1481 1056 1546 intimi
1101 1501 1224 1546 seu
1269 1482 1457 1546 tertii
1494 1480 1672 1545 caeli
1728 1481 1801 1544 in
1854 1481 2065 1546 tertio
2122 1499 2244 1544 seu
2301 1481 2551 1545 intimo
2596 1481 2817 1564 gradu

559 1577 750 1661 pacis
773 1577 934 1653 sint,
959 1577 1118 1660 quia
1146 1577 1214 1640 in
1241 1577 1452 1642 tertio
1477 1595 1598 1641 seu
1623 1577 1871 1641 intimo
1892 1576 2113 1658 gradu
2138 1577 2581 1642 innocentiae
2606 1586 2767 1641 sunt
2798 1598 2816 1656 ;

560 1681 634 1738 et
667 1673 854 1756 quod
885 1673 1120 1756 angeli
1153 1672 1548 1736 inferiorum
1578 1671 1927 1736 caelorum
1964 1673 2034 1735 in
2074 1673 2337 1735 minore
2368 1671 2589 1754 gradu
2625 1673 2817 1755 pacis

559 1769 724 1843 sint,
762 1769 922 1852 quia
956 1769 1026 1833 in
1063 1768 1330 1832 minore
1365 1767 1586 1850 gradu
1619 1767 2065 1832 innocentiae
2106 1765 2453 1850 (videatur
2489 1787 2713 1850 supra,
2748 1787 2814 1831 n.

558 1863 738 1946 280).
827 1861 1034 1945 Quod
1071 1865 1474 1928 innocentia
1509 1873 1582 1927 et
1614 1883 1757 1946 pax
1796 1863 1995 1926 simul
2034 1864 2197 1938 sint,
2232 1865 2409 1928 sicut
2446 1863 2704 1928 bonum
2739 1872 2816 1928 et

557 1959 708 2042 ejus
745 1959 1143 2043 jucundum,
1181 1961 1414 2027 videri
1458 1970 1696 2042 potest
1752 1959 1937 2044 apud
1992 1958 2313 2036 infantes,
2361 1960 2477 2042 qui
2530 1960 2689 2042 quia
2745 1961 2815 2024 in

557 2055 957 2122 innocentia
992 2065 1156 2122 sunt
1185 2057 1397 2122 etiam
1435 2057 1506 2120 in
1541 2075 1715 2138 pace
1748 2064 1954 2134 sunt3
2003 2065 2077 2120 et
2113 2056 2271 2138 quia
2314 2056 2385 2119 in
2424 2073 2617 2138 pace,
2656 2055 2816 2121 ideo

559 2153 796 2218 omnia
831 2152 1015 2235 apud
1047 2151 1208 2217 illos
1237 2151 1445 2235 plena
1475 2152 1662 2216 lusus
1693 2159 1871 2216 sunt.
1960 2149 2097 2215 Sed
2130 2169 2270 2232 pax
2302 2151 2485 2233 apud
2516 2151 2816 2216 infantes

559 2257 666 2314 est
693 2267 834 2330 pax
853 2241 1170 2320 externa,
1198 2267 1338 2332 pax
1365 2257 1596 2312 autem
1621 2248 1895 2312 interna
1916 2248 2097 2311 sicut
2122 2247 2521 2310 innocentia
2541 2249 2817 2312 interna

505 2357 514 2372 ·
559 2363 700 2410 non
739 2344 946 2408 datur
981 2344 1111 2409 nisi
1148 2345 1220 2407 in
1256 2344 1598 2426 sapientia
1619 2365 1638 2424 ;
1681 2353 1759 2408 et
1795 2344 1955 2426 quia
1992 2343 2061 2406 in
2098 2343 2461 2425 sapientia,
2504 2343 2710 2408 datur
2743 2345 2812 2407 in

559 2437 1042 2522 conjunctione
1101 2441 1266 2504 boni
1325 2449 1400 2505 et
1465 2440 1632 2517 veri,
1692 2460 1851 2506 nam
1912 2438 2075 2504 inde
2136 2440 2497 2522 sapientia.
2590 2439 2815 2504 Datur

558 2537 773 2602 etiam
810 2555 952 2618 pax
990 2535 1314 2600 caelestis
1351 2557 1473 2600 seu
1509 2535 1829 2619 angelica
1866 2535 2050 2619 apud
2086 2535 2405 2600 homines
2443 2534 2557 2618 qui
2593 2535 2663 2599 in
2702 2551 2812 2600 sa·

558 2631 820 2716 pientia
858 2641 1018 2697 sunt
1060 2650 1154 2696 ex
1198 2629 1680 2714 conjunctione
1718 2631 1883 2697 boni
1928 2639 2001 2696 et
2044 2633 2209 2708 veri,
2250 2641 2323 2696 et
2368 2631 2484 2715 qui
2528 2631 2690 2696 inde
2736 2649 2813 2697 se

557 2727 947 2810 percipiunt
983 2736 1360 2791 contentos
1395 2728 1466 2791 in
1501 2728 1701 2807 Deo;
1750 2736 1859 2792 ast
1896 2726 2037 2803 illa,
2076 2728 2400 2812 quamdiu
2445 2728 2513 2791 in
2552 2728 2813 2791 mundo

555 2824 820 2899 vivunt,
847 2822 1212 2887 recondita
1236 2821 1414 2887 latet
1449 2826 1518 2887 in
1549 2843 1787 2889 eorum
1814 2823 2276 2899 interioribuS,
2311 2822 2434 2886 sed
2467 2822 2815 2887 revelatur

557 2938 712 2983 cum
749 2918 1144 3001 relinquunt
1178 2936 1450 3001 coi-pua,
1483 2929 1558 2985 et
1595 2920 1862 2984 intrant
1900 2918 2191 2995 caelum,
2227 2937 2388 2982 nam
2425 2927 2593 2983 tunc
2631 2919 2812 2983 inte·

555 3013 736 3079 riora
769 3014 1190 3096 aperiuntur.

681 3108 884 3190 289.
939 3106 1122 3190 Quia
1154 3107 1410 3173 Divina
1435 3124 1576 3189 pax
1607 3107 1856 3173 existit
1892 3128 1985 3172 ex
2017 3106 2498 3192 conjunctione
2531 3106 2817 3175 Domini

557 3223 714 3269 cum
761 3203 982 3279 caelo,
1029 3212 1102 3269 et
1157 3204 1226 3267 in
1282 3202 1516 3286 specie
1559 3203 1743 3286 apud
1788 3206 2311 3288 unumquemvis
2356 3204 2683 3288 angelum
2720 3224 2815 3271 ex

556 3297 1037 3382 conjunctione
1081 3299 1245 3364 boni
1304 3309 1376 3363 et
1434 3300 1600 3375 veri,
1648 3299 1809 3364 ideo
1852 3300 2105 3383 angeli,
2154 3301 2432 3384 quando
2492 3302 2560 3366 in
2620 3308 2815 3365 statu

556 3395 809 3460 amoris
839 3405 1023 3472 sunt,
1055 3395 1126 3459 in
1163 3404 1356 3459 statu
1387 3394 1576 3478 pacis
1607 3403 1792 3472 sunt,
1828 3414 1987 3459 nam
2028 3405 2193 3460 tunc
2227 3398 2408 3479 apud
2444 3395 2606 3460 illos
2641 3414 2813 3460 con-

554 3488 859 3572 jungitur
894 3489 1152 3554 bonum
1190 3510 1376 3556 vero.
1473 3486 1713 3573 (Quod
1750 3489 2156 3572 angelorum
2196 3500 2423 3555 status
2462 3510 2582 3572 per
2625 3492 2813 3556 vices

558 3596 934 3661 mutentur,
973 3584 1292 3651 videatur
1338 3604 1567 3668 supra,
1605 3604 1671 3649 n.
1720 3584 2065 3669 154-160.)
2156 3584 2489 3651 Similiter
2532 3584 2611 3651 fit
2656 3605 2813 3651 cum

555 3681 835 3745 homine
887 3682 1002 3764 qui
1054 3691 1502 3764 regeneratur
1531 3702 1550 3761 ;
1609 3682 1889 3763 quando
1943 3682 2129 3764 apud
2181 3682 2371 3746 illum
2420 3676 2814 3763 conjunctio

557 3776 720 3841 boni
776 3784 850 3843 et
896 3776 1042 3842 veri
1086 3776 1354 3848 existit.
1393 3776 1580 3859 quod
1637 3774 1718 3842 fit
1769 3776 2101 3858 imprimis
2147 3786 2307 3859 post
2352 3778 2810 3855 tentationeS,

555 3881 720 3935 tunc
752 3872 823 3934 in
853 3881 1119 3936 statum
1148 3870 1431 3954 jucundi
1469 3892 1560 3935 ex
1600 3891 1770 3955 pace
1816 3872 2107 3937 caelesti
2144 3868 2423 3936 venit.(’')
2512 3872 2658 3937 Pax
2695 3871 2815 3938 illa

554 3968 1026 4050 comparative
1059 3988 1134 4031 se
1164 3966 1379 4031 habet
1406 3966 1581 4032 sicut
1608 3988 1813 4032 mane
1838 3988 1959 4032 seu
1983 3988 2231 4034 aurora
2253 3978 2569 4050 tempore
2592 3969 2771 4033 veris
2794 3990 2813 4048 ;

555 4082 694 4148 quo
727 4073 1068 4146 tempore,
1102 4060 1356 4127 exacta
1391 4060 1620 4140 nocte,
1653 4063 1747 4126 ab
1781 4073 2035 4128 exortu
2070 4063 2239 4128 solis
2276 4066 2513 4129 omnia
2544 4063 2813 4128 telluris

555 4158 889 4242 incipiunt
929 4180 966 4222 e
1006 4178 1189 4223 novo
1225 4160 1477 4235 vivere,
1510 4177 1590 4222 ac
1630 4159 1805 4223 odor
1841 4160 2284 4241 vegetativus
2318 4159 2813 4241 circumspargi

555 4274 646 4319 ex
684 4275 835 4319 rore
873 4255 988 4338 qui
1032 4275 1071 4320 e
1117 4253 1316 4319 caelo
1353 4254 1739 4330 descendit,
1780 4265 1852 4319 et
1899 4275 2171 4340 quoque
2210 4255 2439 4321 media
2476 4257 2813 4339 temperie

1369 4474 1447 4525 (ιι
1473 4484 1670 4517 uenum
1694 4476 2027 4527 camnis.)

664 4578 746 4645 (r)
791 4573 972 4648 Quod
992 4574 1344 4647 conjunctio
1366 4575 1510 4632 boni
1535 4587 1598 4631 et
1621 4577 1745 4633 veri
1772 4579 1930 4650 apud
1964 4578 2269 4633 hominem
2296 4580 2399 4651 qui
2429 4588 2815 4651 regeneratur

557 4645 662 4702 fiat
689 4646 750 4702 in
777 4656 940 4703 statu
967 4647 1136 4719 pacis
1164 4648 1244 4717 (n.
1272 4646 1429 4719 3696,
1457 4646 1642 4719 8517).
