3371 5304
900 616 1003 667 DE
1049 615 1347 669 GAUDIO
1390 616 1488 669 ET
1534 616 1998 669 FELICITATE
2039 616 2428 669 CAELESTI.
2665 620 2788 689 255

540 787 704 853 dum
743 787 812 853 in
846 788 1119 853 caelum
1154 786 1399 865 evecti,
1441 808 1599 854 cum
1634 789 2022 873 percipiunt
2060 789 2228 854 illud
2266 811 2358 855 ex
2395 790 2652 873 angelo
2695 812 2789 855 ex

538 885 683 969 ejus
728 887 983 951 amoris
1026 885 1347 970 sphaera,
1393 884 1768 971 implentur
1812 887 1940 952 tali
1991 886 2316 969 jucund0‚
2365 896 2440 953 ut
2502 890 2788 954 veniant

537 985 732 1068 quasi
768 984 837 1048 in
874 983 1076 1048 dulce
1115 983 1505 1067 deliquium.
1597 983 1753 1048 Hoc
1791 983 2160 1067 aliquoties
2197 982 2448 1049 factum
2486 996 2594 1051 est
2631 1004 2786 1051 cum

536 1081 671 1145 illis
734 1082 847 1165 qui
884 1081 1373 1146 desiderabant
1408 1082 1585 1147 scire
1622 1082 1785 1165 quid
1823 1082 2151 1163 gaudium
2190 1083 2516 1147 caeleste.

658 1194 863 1263 410·
923 1177 1221 1260 Quidam
1267 1180 1547 1262 spiritus
1594 1180 1806 1243 etiam
1851 1179 2346 1243 desiderabant
2393 1181 2567 1244 scire
2626 1180 2788 1264 quid

536 1276 865 1359 gaudium
902 1276 1257 1355 caeleste3
1304 1277 1463 1341 ideo
1498 1294 1907 1341 concessum
1946 1286 2055 1341 est
2093 1278 2442 1359 percipere
2481 1276 2652 1341 illud
2697 1278 2786 1341 ad

538 1392 693 1449 eum
736 1373 1055 1455 gradum,
1102 1383 1179 1437 ut
1238 1394 1378 1438 non
1424 1374 1576 1457 plus
1620 1374 1960 1439 sustinere
2005 1385 2293 1457 possent
2318 1395 2336 1453 3
2404 1375 2526 1439 sed
2574 1395 2787 1459 usque

536 1490 679 1537 non
737 1480 886 1536 erat
945 1471 1273 1554 gaudium
1334 1471 1752 1554 angelicum,
1810 1472 1932 1537 vix
1989 1482 2140 1537 erat
2197 1472 2375 1535 sicut
2431 1473 2786 1537 minimum

536 1567 947 1649 angelicum,
975 1568 1158 1651 quod
1190 1570 1631 1653 appercipere
1660 1590 1786 1652 per
1816 1570 2514 1634 communicationem
2546 1570 2786 1635 datum

536 1674 667 1740 est,
724 1675 875 1728 erat
935 1674 1082 1729 tam
1138 1665 1291 1730 leve
1354 1675 1431 1729 ut
1489 1666 1629 1731 fere
1689 1665 2250 1748 frigidiusculum,
2305 1668 2490 1751 quod
2549 1678 2786 1733 tamen

537 1762 883 1827 vocabant
919 1762 1517 1839 caelestissimum,
1550 1764 1707 1847 quia
1752 1772 1906 1827 erat
1941 1764 2259 1829 intimum
2297 1784 2578 1829 eorum:
2627 1767 2788 1831 inde

536 1860 910 1924 constabat
956 1879 1096 1924 non
1148 1860 1371 1925 solum
1418 1862 1603 1945 quod
1649 1862 2056 1943 gaudiorum
2101 1860 2277 1925 caeli
2320 1864 2576 1945 gradus
2621 1852 2816 1940 sint,¹

536 1957 658 2022 sed
704 1958 919 2022 etiam
966 1957 1150 2041 quod
1196 1958 1515 2022 intimum
1560 1960 1758 2022 unius
1803 1959 1924 2021 vix
1969 1959 2262 2024 accedat
2319 1961 2408 2024 ad
2468 1960 2786 2025 ultimum

536 2064 656 2119 aut
694 2055 995 2119 medium
1032 2054 1359 2134 alterius;
1419 2064 1569 2119 tum
1606 2055 1791 2139 quod
1837 2074 1992 2119 cum
2037 2055 2284 2139 aliquis
2320 2058 2636 2123 intimum
2683 2060 2785 2122 sui

535 2153 805 2236 accipit,
846 2152 915 2216 in
960 2152 1215 2233 gaudio
1250 2172 1377 2216 suo
1413 2152 1702 2218 caelesti
1740 2153 1854 2228 sit,
1893 2161 1969 2216 et
2012 2154 2196 2236 quod
2235 2153 2460 2219 adhuc
2497 2157 2784 2220 interius

538 2268 675 2314 non
714 2249 1077 2324 sustineat,
1117 2250 1314 2333 eique
1350 2248 1784 2314 dolorificum
1823 2248 2100 2313 evadat.

661 2361 847 2429 411.
908 2344 1206 2428 Quidam
1240 2346 1519 2429 spiritus
1556 2366 1698 2411 non
1735 2344 1900 2411 mali
1935 2346 2110 2428 lapsi
2148 2355 2310 2410 sunt
2349 2348 2417 2409 in
2455 2347 2782 2430 quietem,

538 2441 716 2508 sicut
754 2444 823 2507 in
871 2462 1211 2519 somnum,
1252 2452 1327 2507 et
1374 2445 1469 2507 sic
1508 2444 1738 2528 quoad
1776 2444 2126 2517 interiora,
2160 2464 2337 2525 quae
2373 2446 2628 2509 mentis
2665 2466 2784 2511 eo-

538 2560 707 2615 rum,
757 2540 1082 2607 translati
1128 2550 1290 2604 sunt
1348 2540 1421 2604 in
1472 2540 1786 2619 caelum;
1855 2560 2015 2603 narn
2062 2542 2362 2623 spiritus,
2409 2552 2784 2625 antequam

537 2640 862 2704 interiora
898 2657 1133 2710 eorum
1171 2649 1415 2722 aperta
1450 2646 1635 2712 sunt,
1676 2638 2027 2703 transferri
2065 2647 2356 2723 possunt
2392 2638 2461 2702 in
2493 2641 2783 2718 caelum,

539 2757 617 2802 ac
656 2737 903 2802 erudiri
941 2738 1029 2801 de
1072 2735 1408 2802 felicitate
1443 2735 1716 2800 illorum
1757 2737 1869 2818 qui
1913 2737 2005 2800 ibi
2042 2745 2224 2800 sunt.
2312 2735 2477 2800 Vidi
2520 2757 2640 2802 eos
2688 2741 2784 2804 sic

538 2835 874 2918 quievisse
911 2855 1033 2916 per
1069 2833 1531 2909 semihorium,
1570 2842 1644 2897 et
1681 2833 1841 2898 dein
1877 2833 2188 2916 relapsos
2224 2835 2294 2898 in
2329 2837 2680 2900 exteriora
2715 2837 2781 2900 in

538 2933 781 3015 quibus
809 2932 993 3014 prius
1018 2941 1241 3006 erant,
1269 2941 1341 2996 et
1372 2951 1641 3014 quoque
1675 2939 1839 2995 tunc
1873 2932 1942 2994 in
1974 2931 2524 2996 recordationem
2551 2952 2783 2997 eorum

538 3048 713 3112 quae
757 3030 1097 3094 viderunt.
1186 3028 1533 3094 Dicebant
1579 3029 1763 3111 quod
1821 3028 2072 3093 suerint
2131 3030 2313 3093 inter
2367 3028 2658 3111 angelos
2714 3032 2786 3095 in

539 3125 758 3202 cae10,
792 3136 866 3191 et
902 3126 1088 3210 quod
1125 3125 1220 3191 ibi
1251 3126 1547 3190 viderint
1578 3135 1651 3190 et
1690 3127 2124 3210 perceperint
2156 3127 2522 3207 stupenda,
2556 3129 2792 3192 omnia

538 3223 979 3306 splendentia
1016 3223 1193 3288 sicut
1227 3244 1321 3287 ex
1358 3242 1545 3300 aur0‚
1585 3234 1905 3307 argento,
1945 3233 2020 3288 et
2065 3223 2404 3306 lapidibus
2443 3226 2784 3305 pretiosis,

539 3320 607 3385 in
672 3321 1093 3385 admirandis
1156 3320 1411 3396 formis,
1459 3341 1634 3404 quae
1694 3321 2136 3384 variabantur
2196 3321 2644 3401 mirabiliter3
2713 3334 2785 3387 et

538 3419 721 3503 quod
753 3418 985 3500 angeli
1018 3438 1156 3483 non
1190 3415 1520 3483 delectati
1550 3420 1690 3482 sint
1720 3419 1884 3500 ipsis
1916 3419 2252 3490 externis,
2286 3418 2410 3482 sed
2447 3419 2580 3484 illis
2612 3441 2786 3502 quae

541 3516 1184 3598 repraesentabant,
1226 3537 1400 3600 quae
1438 3524 1637 3580 erant
1676 3515 1928 3579 Divina
1963 3515 2354 3592 ineffabilia,
2395 3525 2468 3580 et
2515 3519 2784 3599 sapien-

541 3615 679 3679 tiae
726 3611 1053 3690 infinitae‚
1102 3623 1175 3678 et
1219 3614 1390 3678 haec
1433 3612 1683 3676 fuerint
1727 3612 1861 3676 illis
1905 3613 2204 3695 gaudio;
2273 3623 2547 3695 praeter
2589 3615 2788 3678 innu-

540 3731 749 3788 mera,
773 3731 947 3794 quae
980 3711 1229 3793 linguis
1254 3710 1569 3775 humanis
1602 3729 1692 3774 ne
1724 3710 1998 3792 quidem
2032 3709 2122 3774 ad
2155 3711 2482 3791 myriadis
2515 3722 2782 3794 partem

542 3818 832 3892 possent
876 3809 1191 3892 exprimi,
1240 3827 1366 3872 nec
1414 3808 1659 3872 cadere
1727 3807 1798 3870 in
1861 3807 2054 3871 ideas
2099 3807 2213 3872 ubi
2258 3807 2514 3890 aliquid
2561 3819 2784 3874 mate-

540 3906 727 3971 riale.

666 4017 855 4085 412·
916 4001 1089 4067 Fere
1128 4021 1368 4068 omnes
1407 4003 1519 4084 qui
1556 4003 1623 4066 in
1662 4001 1957 4066 alteram
1994 4003 2211 4067 vitam
2244 4003 2551 4079 veniunt,
2585 4003 2786 4087 igno-

542 4113 697 4165 rant
724 4101 883 4184 quid
915 4101 1278 4166 beatitudo
1310 4109 1383 4164 et
1412 4099 1706 4164 felicitas
1737 4100 2084 4176 caelestis,
2109 4101 2268 4183 quia
2292 4102 2450 4184 quid
2483 4112 2556 4166 et
2587 4101 2789 4184 quale

543 4199 866 4282 gaudium
905 4200 1245 4262 internum
1278 4198 1617 4274 nesciunt,
1658 4198 1882 4262 solum
1927 4219 2018 4262 ex
2067 4197 2356 4262 laetitiis
2400 4207 2471 4262 et
2517 4201 2787 4280 gaudiis

544 4297 888 4378 corporeis
926 4306 998 4360 et
1038 4295 1398 4359 mundanis
1435 4295 1956 4378 perceptionem
1992 4295 2313 4376 capiunt:
2362 4317 2570 4378 quare
2603 4297 2784 4380 quod

542 4394 891 4477 ignorant,
940 4393 1108 4457 nihil
1153 4413 1307 4458 esse
1353 4401 1627 4474 putant,
1675 4411 1832 4457 cum
1875 4402 2112 4457 tamen
2157 4392 2411 4474 gaudia
2456 4413 2790 4476 corporea

544 4501 615 4556 et
662 4490 1009 4555 mundana
1056 4500 1214 4555 sunt
1258 4489 1450 4556 nihili
1496 4488 1900 4572 respective.
1991 4489 2163 4554 Ideo
2209 4490 2426 4572 probi,
2476 4491 2589 4574 qui
2649 4511 2787 4556 non

544 4589 770 4653 sciunt
816 4589 977 4672 quid
1023 4589 1350 4672 gaudium
1396 4586 1730 4664 caeleste,
1779 4596 1854 4653 ut
1899 4587 2127 4652 sciant
2189 4597 2266 4654 et
2332 4598 2786 4670 cognoscant,
