3371 5304
1189 624 1342 676 Lux
1389 624 1487 674 ET
1532 622 1793 675 CALOR
1838 623 1920 674 IN
1966 621 2239 673 CAELO.
2718 608 2791 671 81

557 807 760 862 natus
830 815 980 860 sum
1051 794 1488 878 quandoque,
1557 793 1741 878 quod
1814 811 1952 858 non
2022 789 2797 875 comprehenderentur.

555 912 712 958 cum
744 902 980 956 tamen
1019 889 1204 955 clare
1249 899 1319 954 et
1363 891 1722 974 perspicue
1758 896 2090 972 percepta
2127 897 2287 952 sunt
2335 888 2404 950 in
2451 885 2603 950 luce
2639 904 2797 950 cae·

554 984 804 1052 lestiffl)
892 985 1071 1068 Quia
1099 983 1480 1050 intellestui
1514 993 1622 1049 est
1657 985 1801 1057 lux,
1836 984 1993 1048 ideo
2024 983 2275 1048 dicitur
2310 983 2397 1046 de
2430 981 2551 1046 illo
2582 980 2801 1046 simile

555 1083 738 1166 quod
777 1084 864 1148 de
895 1082 1120 1158 oculu,
1155 1090 1230 1146 ut
1261 1081 1444 1164 quod
1477 1081 1711 1145 videat
1748 1090 1821 1144 et
1859 1081 1927 1146 in
1960 1079 2111 1143 luce
2144 1080 2257 1154 sit,
2292 1098 2447 1143 cum
2486 1077 2797 1162 percipit,

555 1190 626 1242 et
671 1178 855 1261 quod
901 1178 964 1242 ei
1008 1177 1374 1240 obscurum
1419 1185 1492 1240 et
1541 1177 1785 1240 umbra
1828 1175 1942 1251 sit,
1981 1193 2137 1238 cum
2184 1194 2323 1238 non
2369 1173 2681 1256 percipit,
2728 1181 2801 1238 et

556 1272 804 1336 similia
841 1271 1053 1354 plura.

681 1379 866 1447 131·
926 1365 1272 1448 Quoniam
1298 1365 1418 1429 lux
1452 1364 1625 1430 caeli
1655 1374 1765 1429 est
1806 1364 2130 1428 Divinum
2154 1381 2411 1437 verum,
2440 1362 2598 1428 ideo
2628 1382 2801 1446 quo-

555 1483 685 1545 que
733 1462 854 1524 lux
901 1461 1019 1525 illa
1064 1472 1174 1525 est
1221 1460 1473 1524 Divina
1515 1461 1857 1544 sapientia
1914 1470 1987 1525 et
2048 1458 2555 1542 intelligentia;
2618 1458 2800 1522 unde

554 1557 737 1622 idem
775 1556 1185 1638 intelligitur
1221 1577 1342 1639 per
1375 1556 1628 1620 elevari
1673 1558 1741 1620 in
1780 1555 2003 1620 lucem
2042 1554 2237 1629 caeli,
2277 1554 2461 1639 quod
2502 1574 2621 1636 per
2657 1553 2799 1618 ele·

555 1654 699 1716 vari
729 1653 1360 1736 inintelligentiam
1387 1661 1460 1716 et
1493 1653 1908 1736 sapientiam
1932 1673 2011 1716 ac
2044 1651 2411 1729 illustrari;
2458 1669 2799 1734 quaprop-

555 1758 663 1813 ter
687 1748 807 1812 lux
832 1749 1012 1831 apud
1039 1749 1330 1830 angelos
1353 1757 1463 1812 est
1495 1768 1771 1832 prorsus
1802 1748 1869 1812 in
1904 1747 2148 1812 eodem
2174 1745 2390 1828 gradu
2422 1745 2799 1809 secundum

554 1842 1094 1925 intelligentiam
1139 1853 1210 1908 et
1269 1843 1680 1926 sapientiam
1728 1863 1985 1908 eorum.
2076 1839 2257 1924 Quia
2302 1841 2423 1905 lux
2470 1840 2643 1906 caeli
2690 1849 2799 1903 est

555 1939 805 2002 Divina
842 1939 1201 2020 sapientia,
1242 1939 1400 2004 ideo
1437 1959 1677 2004 omnes
1708 1947 2223 2021 cognoscuntur
2258 1935 2497 2020 quales
2534 1945 2693 2000 sunt
2731 1936 2797 1999 in

557 2031 708 2098 luce
753 2032 949 2108 caeli,
999 2033 1326 2098 interiora
1371 2033 1664 2115 cujusvis
1711 2043 1957 2116 patent
2019 2033 2111 2096 ibi
2176 2034 2243 2095 in
2302 2031 2473 2096 facie
2528 2051 2801 2114 prorsus

555 2128 780 2212 qualia
817 2139 1002 2204 sunt,
1043 2149 1170 2193 nec
1213 2130 1566 2192 minimum
1605 2129 1803 2194 latet.
1894 2127 2153 2211 Angeli
2192 2128 2553 2192 interiores
2590 2127 2797 2190 etiam

555 2233 791 2287 amant
817 2233 892 2288 ut
925 2225 1156 2289 omnia
1187 2225 1368 2307 apud
1394 2223 1552 2288 illos
1577 2233 1889 2308 pateant,
1918 2225 2241 2306 quoniam
2266 2243 2405 2286 non
2438 2223 2565 2286 nisi
2595 2241 2797 2305 quam

553 2319 808 2382 bonum
841 2319 1122 2384 volunt:
1171 2319 1374 2384 aliter
1409 2321 1522 2402 qui
1560 2318 1733 2383 infra
1765 2318 2057 2395 caelum,
2092 2328 2163 2384 et
2203 2339 2342 2382 non
2380 2318 2637 2382 bonum
2674 2338 2795 2382 vo-

557 2414 750 2492 lunt;
807 2414 906 2477 illi
953 2414 1111 2480 ideo
1148 2415 1353 2479 valde
1391 2415 1647 2479 timent
1697 2424 1771 2479 ut
1818 2413 2221 2497 spectentur
2266 2414 2335 2478 in
2382 2413 2535 2478 luce
2574 2411 2793 2477 caeli:

554 2519 626 2575 et
666 2509 852 2593 quod
890 2511 1153 2585 mirum,
1193 2512 1308 2595 qui
1345 2511 1414 2573 in
1448 2510 1714 2574 inferno
1752 2520 1933 2585 sunt,
1975 2508 2075 2574 illi
2113 2510 2296 2574 inter
2338 2529 2415 2574 se
2458 2517 2795 2592 apparent

555 2615 628 2671 ut
664 2604 1002 2682 homines,
1042 2607 1164 2671 sed
1211 2607 1280 2670 in
1327 2606 1478 2671 luce
1515 2606 1691 2671 caeli
1736 2616 1811 2671 ut
1859 2615 2195 2681 monstra,
2234 2604 2580 2671 horrenda
2626 2604 2795 2669 facie

553 2712 624 2766 et
662 2702 1007 2766 horrendo
1038 2722 1344 2785 corpore,
1381 2723 1654 2786 prorsus
1694 2704 1761 2767 in
1798 2704 2017 2767 forma
2046 2703 2148 2766 sui
2186 2699 2503 2766 mali.(¹''¹'⁸)
2596 2692 2794 2765 Simi-

553 2799 715 2862 liter
749 2807 1039 2880 apparet
1084 2797 1298 2862 homo
1343 2799 1572 2880 quoad
1619 2799 1934 2881 spiritum
1982 2818 2200 2873 suum,
2242 2818 2396 2861 cum
2444 2794 2797 2881 speetatur

554 2893 642 2957 ab
677 2891 948 2975 angelis
979 2915 996 2971 ;
1050 2895 1104 2957 si
1143 2894 1365 2957 bonus
1404 2904 1694 2976 apparet
1732 2903 1806 2957 ut
1850 2894 2061 2957 homo
2099 2893 2384 2976 pulcher
2419 2893 2796 2957 secundum

552 2988 694 3070 ejus
738 2990 1042 3067 bonum;
1109 2990 1164 3052 si
1225 2989 1444 3053 malus
1491 2999 1566 3054 ut
1613 3000 2021 3065 monstrum,
2069 2990 2375 3053 deforme
2420 2988 2793 3052 secundum

553 3082 715 3165 ejus,
757 3084 1036 3149 malum.
1130 3085 1299 3148 Inde
1355 3094 1572 3168 patet,
1622 3086 1806 3169 quod
1860 3087 2092 3149 omnia
2137 3085 2668 3149 manifestentur
2727 3084 2793 3147 in

554 3177 704 3243 luce
729 3178 902 3244 caeli
927 3200 944 3260 3
983 3181 1512 3244 manifestantur
1532 3182 1688 3263 quia
1712 3180 1833 3244 lux
1860 3180 2035 3245 caeli
2056 3191 2163 3246 est
2190 3180 2515 3244 Divinum
2536 3198 2792 3244 verum.

681 3288 865 3357 132.
925 3272 1106 3357 Quia
1132 3274 1452 3339 Divinum
1480 3296 1715 3339 verum
1742 3285 1850 3340 est
1877 3275 1995 3339 lux
2029 3277 2097 3340 in
2123 3276 2353 3351 caeliS,
2382 3276 2539 3339 ideo
2564 3275 2794 3339 omnia

551 3388 736 3443 vera,
771 3369 1154 3454 ubicunque
1187 3380 1370 3445 sunt,
1403 3372 1548 3434 sive
1581 3372 1762 3435 intra
1794 3370 2121 3454 angelum
2152 3372 2298 3435 sive
2336 3380 2543 3435 extra
2579 3368 2790 3442 illum,

553 3473 700 3527 tum
735 3464 880 3529 sive
917 3466 1098 3530 intra
1129 3463 1364 3529 caelos
1395 3466 1538 3529 sive
1577 3474 1782 3529 extra
1814 3466 1995 3541 illos,
2030 3466 2303 3529 lucent:
2353 3487 2517 3531 vera
2554 3476 2791 3531 tamen

551 3568 755 3623 extra
779 3560 1011 3623 caelos
1043 3580 1181 3623 non
1209 3560 1444 3624 lucent
1477 3562 1653 3625 sicut
1685 3582 1848 3625 vera
1882 3562 2061 3626 intra
2086 3560 2357 3640 caelos;
2404 3582 2566 3626 vera
2590 3570 2793 3625 extra

551 3655 786 3719 caelos
812 3656 1045 3721 lucent
1077 3654 1345 3738 frigide,
1373 3658 1550 3721 sicut
1584 3657 1857 3721 niveum
1890 3658 2148 3742 absque
2182 3657 2433 3733 calore,
2468 3658 2793 3741 quoniam

1344 3864 1993 3917 (namnum)

657 3955 762 4025 (ΙΙ)
803 3952 983 4027 Quod
1011 3954 1201 4012 homo
1222 3970 1358 4011 cum
1379 3957 1652 4013 elevatur
1673 3974 1711 4013 a
1735 3958 2012 4021 sensuali,
2034 3958 2095 4013 in
2120 3958 2323 4013 lumen
2344 3958 2552 4014 mitius
2570 3957 2792 4021 veniat.

549 4036 612 4080 et
637 4026 882 4081 tandem
911 4027 972 4081 in
998 4026 1194 4081 lucem
1219 4028 1540 4083 caelestem
1569 4029 1650 4097 (n.
1676 4028 1835 4098 6313,
1860 4029 2017 4099 6313,
2043 4030 2227 4099 9407).
2725 4073 2733 4079 .

655 4096 838 4169 Quod
867 4094 1120 4153 actualis
1147 4096 1408 4155 elevatio
1445 4098 1506 4153 in
1545 4099 1739 4154 lucem
1769 4100 1919 4155 caeli
1956 4100 2052 4163 sit,
2082 4116 2221 4155 cum
2254 4100 2443 4156 homo
2478 4098 2541 4155 in
2574 4099 2791 4155 intelli-

547 4166 812 4293 genltjam
844 4170 926 4237 (n.
955 4168 1138 4238 3¹90)·
2180 4241 2193 4255 .
2280 4242 2293 4257 ι
2626 4241 2639 4257 ‚

555 4248 1054 4380 1526,u6¹60(y)¹?ma
1077 4248 1376 4311 Feoeepta·
1403 4256 1540 4295 cum
1565 4238 1861 4297 abductus
1890 4258 2025 4297 sum
2062 4242 2141 4297 ab
2178 4242 2329 4299 ideis
2354 4242 2674 4297 mundanis
2706 4242 2789 4310 (n.

655 4410 822 4495 (περ)
859 4408 1040 4495 Quod
1067 4410 1171 4495 illi,
1195 4410 1297 4483 qui
1328 4411 1390 4467 in
1423 4410 1668 4497 infernis
1692 4424 1850 4477 sunt,
1878 4414 1937 4470 in
1968 4430 2084 4499 sut?
2112 4414 2353 4501 lumine,
2380 4414 2545 4499 quod
2570 4424 2665 4471 est
2699 4414 2791 4501 lu-

544 4484 2787 4692 {3333ss‚ffzsffifflae'issasspi’gfffssss'ss'sst‘⁵¹23²2331352233
