3371 5304
820 645 1043 697 Homo
1089 645 1271 696 Pos‘r
1317 644 1643 695 MORTEM
1692 644 1826 695 EST
1874 644 1955 695 m
2003 644 2201 697 oum
2247 645 2500 697 SENsu.
2675 634 2797 715 287

562 824 767 880 coetu
804 814 1119 898 plurium,
1158 814 1534 879 secundum
1572 810 1854 878 Domini
1892 815 2122 891 verba,

658 942 691 967 ⁸⁰
706 940 876 992 Nihil.
896 938 1259 991 ‚reconditum
1284 948 1385 999 est,
1409 940 1555 1003 quod
1578 953 1690 989 non
1715 940 2086 1002 retegendum,
2116 951 2170 989 et
2195 940 2328 991 nihii
2355 942 2627 991 occultum
2653 942 2798 1005 quod

822 1020 935 1055 non
964 1006 1432 1068 cognoscendum:
1472 1016 1763 1071 propterea,
1793 1020 1932 1068 quae
1966 1007 2022 1055 in
2059 1008 2296 1056 tenebris
2329 1008 2562 1067 dixistis,
2589 1007 2646 1056 in
2681 1008 2800 1057 lnce

818 1072 1138 1129 audientur;
1184 1080 1239 1121 et
1273 1071 1417 1133 quod
1453 1070 1509 1121 in
1543 1085 1730 1121 aurem
1767 1071 1930 1121 locuti
1959 1072 2136 1130 estis„
2155 1108 2170 1123 .
2188 1087 2376 1135 ,super
2399 1071 2557 1123 tectis
2587 1074 2798 1137 praedi·

819 1136 1027 1186 cabitur
1038 1134 1069 1157 '⁸
1088 1136 1237 1199 (Luc.
1266 1136 1355 1186 xii.
1381 1148 1427 1195 2,
1452 1136 1519 1199 3).

684 1266 891 1351 463·
954 1261 1253 1345 Quando
1289 1271 1699 1345 reteguntur
1735 1261 1997 1327 homini
2042 1260 2199 1328 afta
2243 1284 2363 1328 sua
2407 1274 2570 1345 post
2613 1282 2798 1329 mor·

557 1370 723 1435 tem,
770 1367 934 1422 tunc
996 1358 1251 1439 angeli,
1312 1358 1557 1441 quibus
1618 1358 1860 1423 datum
1919 1367 2027 1422 est
2085 1378 2332 1421 munus
2391 1360 2796 1442 inquirendi,

556 1454 929 1537 inspiciunt
973 1452 1218 1516 faciem
1263 1451 1449 1533 ejus;
1516 1461 1589 1515 et
1635 1463 2051 1535 pervagatur
2094 1455 2445 1536 inquisitio
2482 1475 2602 1537 per
2647 1458 2798 1519 uni-

554 1566 828 1612 versum
866 1566 1133 1629 corpus„
1171 1546 1565 1629 incipiendo
1610 1566 1650 1608 a
1696 1547 1934 1629 digitis
1970 1546 2163 1612 unius
2209 1558 2280 1612 et
2327 1548 2611 1613 alterius
2649 1569 2797 1619 ma-

556 1662 703 1718 πως,
738 1652 811 1706 et
856 1642 953 1705 sic
1000 1641 1356 1723 pergendo
1400 1660 1521 1723 per
1564 1651 1813 1707 totum.
1904 1639 2084 1723 Quia
2127 1642 2411 1707 miratus
2455 1662 2630 1719 sum,
2672 1664 2796 1707 un-

554 1738 806 1803 denam
864 1736 1021 1813 hoc,
1082 1734 1434 1803 detectum
1498 1746 1647 1800 est:
1731 1737 1913 1819 quod
1979 1756 2228 1819 nempe
2289 1738 2465 1803 sicut
2525 1739 2798 1821 singula

552 1833 1004 1917 cogitationis
1052 1840 1125 1896 et
1170 1831 1555 1896 voluntatis
1594 1833 1923 1913 inscripta
1959 1842 2119 1896 sunt
2155 1833 2464 1909 cerebro,
2498 1853 2658 1897 nam
2701 1835 2798 1899 ibi

553 1946 784 1991 earum
832 1927 1165 2011 principia
1210 1936 1391 2001 sunt,
1437 1928 1541 1990 ita
1583 1947 1854 2010 quoque
1900 1927 2232 2009 inscripta
2273 1937 2434 1993 sunt
2481 1930 2797 1994 universo

552 2023 845 2105 corpori,
885 2021 1209 2107 quoniam
1246 2021 1409 2085 illuc
1459 2030 1757 2105 pergunt
1795 2024 2026 2085 omnia
2062 2024 2509 2105 cogitationis
2553 2033 2625 2087 et
2670 2045 2794 2088 vo-

552 2116 839 2181 luntatis
890 2138 933 2180 a
990 2117 1339 2200 principiis
1392 2118 1553 2193 suis»,
1598 2125 1672 2181 et
1725 2117 1818 2180 ibi
1877 2118 2336 2183 terminantur
2392 2128 2467 2183 ut
2526 2120 2594 2181 in
2657 2120 2796 2183 suis

552 2209 812 2273 ultimis
844 2230 861 2289 ;
908 2213 1089 2275 unde
1125 2220 1256 2287 est,
1295 2210 1479 2295 quod
1517 2230 1692 2293 quae
1727 2212 2059 2295 inscripta
2091 2221 2252 2277 sunt
2297 2214 2666 2279 memoriae
2703 2236 2796 2278 ex

549 2303 918 2371 voluntate
966 2315 1046 2371 et
1104 2308 1263 2371 inde
1310 2308 1743 2389 cogitatione
1793 2306 1958 2389 ejus,
1999 2327 2138 2373 non
2198 2308 2407 2373 modo
2467 2310 2796 2393 inscripta

548 2401 690 2465 sint
718 2401 998 2466 cerebro
1024 2401 1144 2467 sed
1178 2404 1391 2467 etiam
1417 2403 1553 2467 toti
1580 2402 1864 2479 homini,
1891 2422 1971 2467 ac
1998 2403 2089 2467 ibi
2116 2404 2428 2467 existant
2461 2405 2528 2466 in
2554 2406 2794 2469 ordine

551 2496 928 2559 secundum
976 2497 1287 2561 ordinem
1334 2498 1629 2581 partium
1673 2499 2000 2582 corporis,
2089 2496 2261 2562 Inde
2315 2500 2560 2581 patuit,
2609 2499 2794 2583 quod

552 2589 764 2655 homo
801 2590 963 2654 talis
1001 2592 1092 2657 sit
1129 2592 1196 2655 in
1236 2600 1411 2668 toto,
1455 2591 1670 2676 qualis
1709 2602 1817 2657 est
1863 2592 1931 2656 in
1969 2612 2089 2657 sua
2125 2592 2488 2658 voluntate
2525 2604 2598 2659 et
2634 2595 2794 2660 inde

552 2686 1004 2767 cogitatione,
1040 2688 1215 2751 adeo
1247 2696 1321 2751 ut
1361 2688 1580 2751 malus
1615 2687 1828 2752 homo
1861 2690 1952 2752 sit
1998 2707 2191 2752 suum
2231 2688 2510 2766 malum,
2550 2699 2622 2755 et
2670 2691 2795 2754 bo-

553 2800 677 2843 nus
715 2800 908 2844 suum
940 2777 1291 2847 bonum.('‘)
1379 2781 1494 2846 Ex
1533 2782 1638 2846 his
1668 2793 2294 2868 quoque-constare
2331 2795 2590 2867 potest,
2632 2787 2792 2870 quid

549 2875 960 2958 intelligitur
1005 2898 1125 2961 per
1171 2877 1415 2942 librum
1461 2879 1649 2942 vitae
1695 2879 2015 2955 hominiS‚
2063 2880 2150 2943 de
2203 2901 2339 2962 quo
2393 2881 2459 2943 in
2508 2879 2790 2960 Verbo;

550 2971 731 3053 quod
769 2989 1017 3054 nempe
1064 2975 1153 3037 sit
1200 2974 1383 3057 quod
1421 2975 1653 3038 omnia
1691 2984 1834 3038 tam
1873 2972 2028 3038 aesta
2065 2995 2267 3058 quam
2306 2977 2620 3058 cogitata
2657 2977 2793 3042 toti

548 3065 807 3131 homini
839 3069 1169 3150 inscripta
1200 3070 1361 3144 sint,
1385 3079 1455 3133 et
1488 3069 1669 3152 quod
1703 3079 2082 3152 appareant
2109 3072 2285 3135 sicut
2316 3072 2383 3134 in
2417 3070 2589 3135 libro
2615 3070 2796 3136 lecta

549 3181 704 3226 cum
751 3182 842 3226 ex
889 3164 1219 3229 memoria
1263 3175 1661 3239 evocantur,
1702 3174 1776 3230 et
1820 3167 1996 3230 sicut
2042 3167 2111 3230 in
2162 3165 2386 3248 effigie
2432 3168 2601 3243 visa,
2635 3187 2791 3232 cum

548 3258 824 3340 spiritus
855 3257 1209 3340 spectatur
1243 3260 1313 3323 in
1344 3258 1497 3322 luce
1527 3257 1723 3323 caeli.
1815 3259 1944 3324 His
1975 3261 2266 3342 adjicere
2299 3261 2504 3326 velim
2539 3262 2792 3346 aliquid

548 3355 993 3419 memorabile
1026 3356 1112 3420 de
1150 3357 1480 3420 memoria
1511 3355 1806 3420 h'ominis
1837 3369 1996 3440 post
2031 3368 2328 3423 mortem
2361 3370 2790 3436 remanente,

548 3468 669 3529 per
700 3451 883 3531 quod
916 3449 1357 3515 confirmatus
1389 3470 1560 3528 sum,
1596 3452 1778 3536 quod
1813 3473 1948 3516 non
1984 3452 2191 3516 modo
2225 3454 2634 3527 communia,
2670 3457 2790 3519 sed

548 3545 758 3607 etiarn
797 3545 1357 3628 singularissima‚
1392 3567 1567 3629 quae
1598 3549 2000 3612 memoriam
2033 3549 2486 3624 intraverunt,
2523 3570 2790 3632 perma-

550 3649 781 3714 neant,
804 3659 929 3704 nec
963 3660 1249 3724 usquam
1275 3642 1784 3706 oblitterentur.
1874 3642 2024 3706 Visi
2063 3643 2226 3706 mihi
2259 3653 2419 3706 sunt
2453 3643 2602 3708 libri
2633 3665 2788 3708 cum

548 3735 901 3818 scripturis
954 3737 1115 3800 inibi
1171 3739 1347 3802 sicut
1405 3739 1473 3801 in
1530 3738 1806 3815 mundo,
1848 3749 1919 3803 et
1978 3737 2350 3804 instruens
2396 3759 2566 3815 sum,
2606 3741 2789 3824 quod

549 3827 689 3893 sint
733 3851 825 3894 ex
871 3833 1198 3897 memoria
1244 3853 1477 3898 eorum
1524 3834 1637 3916 qui
1682 3836 2124 3916 scripserunt,
2163 3842 2234 3898 et
2281 3836 2467 3918 quod
2511 3835 2604 3900 ibi
2650 3856 2788 3900 non

1328 4040 1423 4095 [(ικ
1448 4051 1642 4084 Ancum
1666 4043 2006 4096 mumma-n

656 4139 743 4208 (k)
795 4137 975 4212 Quod
1013 4142 1209 4198 bonus
1244 4141 1447 4206 homo.
1472 4144 1738 4216 spiritus,
1765 4155 1828 4200 et
1863 4146 2112 4218 angelus
2148 4147 2227 4202 sit
2263 4163 2437 4202 suum
2468 4149 2698 4204 bonum
2726 4160 2788 4204 et

549 4225 723 4265 suum
749 4227 975 4274 verum,
1004 4211 1121 4268 hoc
1143 4223 1255 4276 est,
1281 4215 1445 4286 quod
1472 4225 1639 4272 totus
1664 4216 1745 4272 sit
1767 4217 1945 4288 quale
1969 4218 2100 4288 ejus
2125 4218 2352 4273 bonum
2377 4229 2442 4274 et
2465 4235 2676 4276 verum
2704 4223 2786 4290 (n.

555 4280 1139 4425 Ῐωὲιιιεῗὲζὲφιίι
1164 4356 1389 4410 bonum
1413 4355 1559 4412 facit
1579 4357 1974 4422 voluntatem,
1992 4367 2058 4414 et
2075 4375 2281 4414 verum
2311 4359 2697 4424 intellectum,
2717 4377 2787 4417 ac

549 4421 831 4479 voluntas
854 4434 917 4478 et
942 4423 1282 4482 intellectus
1308 4425 1540 4482 faciunt
1562 4443 1742 4484 omne
1765 4428 1928 4484 vitae
1951 4431 2111 4501 apud
2139 4431 2464 4495 hominem,
2490 4432 2784 4503 spiritum,

549 4500 611 4546 et
634 4494 1679 4640 asniffneillltlelzsff'si3313iges322113od601532n0,
1703 4571 1966 4641 spiritus,
1988 4582 2052 4628 et
2077 4573 2323 4645 angelus
2346 4573 2426 4630 sit
2449 4589 2592 4630 suus
2617 4589 2786 4628 amor

552 4637 632 4702 (n.
659 4635 817 4702 6872,
843 4648 1031 4704 10177,
1066 4637 1279 4708 10284).
