3371 5304
565 684 682 733 102
1203 683 1305 736 DE
1351 683 1606 737 CAELO
1653 683 1751 734 ET
1797 681 2163 736 INFERNO.

683 867 862 941 172.
923 853 1062 920 Sed
1107 851 1226 920 illa
1261 875 1439 939 quae
1483 854 1552 920 in
1599 855 1809 920 caelis
1846 864 2209 939 apparent,
2250 855 2535 922 tametsi
2570 855 2802 941 quoad

556 952 848 1017 multam
884 961 1158 1034 partem
1188 950 1436 1015 similia
1471 959 1632 1016 sunt
1666 951 1803 1015 illis
1839 971 2013 1035 quae
2044 952 2115 1015 in
2154 952 2377 1028 terris,
2412 971 2625 1035 usque
2662 971 2803 1017 non

555 1049 804 1114 similia
849 1058 1009 1113 sunt
1055 1048 1282 1132 quoad
1329 1049 1729 1125 essentiam,
1768 1049 2085 1112 existunt
2120 1048 2303 1112 enim
2350 1046 2470 1112 illa
2514 1069 2690 1132 quae
2734 1048 2809 1112 in

556 1148 766 1211 caelis
797 1167 890 1210 ex
923 1144 1084 1210 Sole
1117 1145 1318 1220 caeli,·
1348 1154 1421 1209 et
1459 1165 1634 1228 quae
1671 1145 1739 1208 in
1773 1146 1973 1210 terris
2005 1165 2097 1208 ex
2128 1143 2277 1208 sole
2308 1145 2583 1224 mundi;
2629 1166 2803 1229 quae

555 1264 647 1306 ex
681 1240 842 1306 Sole
875 1239 1048 1305 caeli
1079 1242 1417 1316 existunt,
1442 1241 1761 1304 dicuntur
1779 1239 2194 1323 spiritualia;
2245 1261 2419 1324 quae
2451 1249 2679 1304 autem
2710 1261 2803 1304 ex

553 1336 702 1401 sole
741 1337 998 1413 mundi,
1041 1336 1362 1400 dicuntur
1399 1334 1759 1399 naturalia.

683 1446 866 1517 173.
929 1431 1060 1495 Illa
1097 1452 1270 1514 quae
1307 1432 1374 1494 in
1413 1430 1622 1494 caelis
1661 1430 2000 1506 existunt,
2038 1450 2178 1494 non
2216 1429 2534 1494 existunt.
2564 1428 2801 1493 simili-

555 1537 664 1592 ter
705 1527 882 1590 sicut
929 1526 1048 1592 illa
1092 1547 1268 1610 quae
1319 1528 1389 1590 in
1435 1525 1676 1603 terris3
1744 1525 1817 1590 in
1863 1525 2072 1589 caelis
2110 1527 2342 1590 omnia
2386 1527 2702 1590 existunt
2758 1545 2804 1589 a

553 1621 856 1686 Domino
876 1623 1252 1685 secundum
1274 1621 1926 1703 correspondentias
1948 1640 2103 1684 cum
2130 1620 2565 1685 interioribus
2584 1641 2800 1704 ange-

553 1717 815 1795 lorum;
863 1725 1025 1780 sunt
1069 1712 1252 1779 enim
1291 1715 1560 1798 angelis
1597 1715 1938 1780 interiora·
1962 1725 2036 1780 et
2073 1717 2467 1794 exteriora;
2514 1735 2691 1799 quae
2728 1717 2798 1782 in

553 1813 988 1876 interioribus
1027 1810 1296 1876 illorum
1335 1820 1517 1887 sunt,
1547 1833 1622 1875 se
1659 1810 1959 1875 referunt
1994 1813 2224 1874 omnia
2260 1811 2348 1875 ad
2386 1830 2691 1874 amorem
2728 1821 2803 1876 et

553 1907 780 1980 fidem,
823 1909 922 1970 ita
966 1908 1052 1969 ad
1091 1905 1528 1970 voluntatem
1566 1913 1638 1971 et
1683 1903 2131 1980 intellefitum,
2172 1897 2330 1968 na'm
2368 1902 2693 1972 voluntas
2729 1917 2801 1971 et

553 1999 949 2066 intellefitus
981 2011 1142 2066 sunt
1175 2001 1616 2084 receptacula
1639 1999 1914 2065 illorum
1943 2022 1960 2080 ;
2007 2002 2357 2064 exteriora
2383 2011 2617 2065 autem
2649 2020 2801 2066 cor·

551 2098 979 2180 respondent
1033 2096 1510 2160 interioribus:
1577 2097 1761 2179 quod
1822 2097 2172 2160 exteriora
2218 2096 2804 2179 correspondeant

551 2193 1012 2266 interioribuS,
1073 2192 1393 2255 videatur
1449 2211 1656 2274 supra
1722 2191 1817 2274 (n.
1868 2190 2175 2275 87-115).
2270 2191 2609 2256 Illustrari
2668 2191 2799 2258 hoc

551 2297 789 2372 potest
829 2309 921 2352 ex
959 2286 1093 2352 illis
1129 2307 1305 2370 quae
1342 2306 1546 2370 supra
1593 2287 1701 2351 De
1748 2286 1996 2354 Calore
2041 2297 2112 2352 et
2160 2286 2350 2351 Luce
2389 2285 2580 2352 Caeli
2617 2284 2803 2351 dista

552 2394 753 2462 sunt;
802 2383 988 2467 quod
1025 2381 1292 2464 angelis
1327 2381 1521 2446 calor
1565 2384 1655 2446 sit
1704 2383 2079 2446 secundum
2116 2382 2321 2465 quale
2355 2384 2606 2447 amoris
2643 2382 2800 2448 illo·

549 2499 721 2554 rum,
763 2488 836 2542 et
881 2478 1002 2541 lux
1040 2477 1416 2542 secundum
1453 2477 1655 2561 quale
1703 2478 2087 2561 sapientiae
2122 2477 2420 2553 illorum,
2462 2477 2797 2554 videatur,

552 2595 618 2636 n.
658 2574 966 2654 128-134.
1057 2571 1388 2637 Similiter
1422 2572 1682 2659 reliqua
1726 2591 1901 2659 quae
1946 2591 2180 2637 coram
2226 2574 2539 2637 sensibus
2583 2591 2798 2656 ange-

553 2670 772 2733 lorum
811 2676 1167 2753 apparent.

679 2776 868 2848 174.
927 2762 1098 2829 Cum
1132 2762 1298 2828 mihi
1327 2764 1567 2827 datum
1600 2773 1712 2827 est
1743 2780 1898 2827 cum
1930 2762 2197 2846 angelis
2226 2784 2381 2827 esse
2413 2765 2482 2828 in
2514 2784 2799 2829 consor-

550 2859 674 2931 tio,
713 2859 862 2923 visa
899 2857 1062 2921 mihi
1100 2868 1261 2923 sunt
1297 2856 1438 2935 illa,
1477 2878 1654 2942 quae
1691 2859 1805 2935 ibi,
1841 2860 2113 2942 prorsus
2146 2860 2321 2923 sicut
2362 2858 2482 2923 illa
2517 2878 2695 2943 quae
2731 2860 2801 2922 in

550 2953 830 3029 mundo,
873 2964 945 3017 et
983 2964 1128 3017 tam
1154 2954 1699 3037 perceptibiliter
1734 2963 1811 3017 ut
1849 2974 1988 3018 non
2020 2954 2333 3017 sciverim
2365 2954 2565 3018 aliter
2592 2973 2799 3037 quam

549 3049 733 3133 quod
772 3050 839 3112 in
879 3048 1137 3113 mundo
1169 3069 1414 3126 essem,
1457 3058 1530 3113 et
1567 3050 1660 3113 ibi
1708 3050 1774 3112 in
1813 3048 1969 3113 aula
2005 3050 2227 3133 regis:
2277 3047 2547 3113 locutus
2584 3052 2797 3113 etiam

549 3164 704 3208 cum
743 3143 898 3219 illis,
939 3146 1119 3208 sicut
1158 3144 1371 3208 homo
1407 3164 1563 3209 cum
1601 3144 1903 3208 homine.

677 3250 860 3321 175.
921 3238 1264 3321 Quoniam
1297 3242 1530 3304 omnia
1558 3259 1737 3323 quae
1766 3240 2203 3305 interioribus
2228 3238 2793 3322 correspondent,

548 3336 760 3400 etiam
805 3344 1334 3419 repraesentant
1379 3333 1519 3411 illa,
1561 3335 1723 3399 ideo
1765 3345 2107 3400 vocantur
2139 3334 2798 3417 Repraesentativa,·

546 3439 620 3495 et
657 3432 816 3513 quia
851 3432 1203 3496 variantur
1237 3431 1616 3496 secundum
1655 3440 1919 3494 statum
1958 3431 2355 3495 interiorum
2394 3430 2575 3511 apud
2612 3428 2795 3508 illos,

545 3528 705 3589 ideo
749 3536 1088 3591 vocantur
1129 3526 1650 3609 Apparentiae;
1720 3527 2005 3590 tametsi
2072 3525 2194 3589 illa
2236 3545 2413 3609 quae
2460 3535 2798 3609 apparent

545 3640 779 3685 coram
813 3621 1029 3687 oculis
1059 3621 1465 3705 angelorum
1503 3621 1570 3683 in
1603 3621 1839 3695 caelia,
1874 3631 1947 3685 et
1988 3620 2452 3705 percipiuntur
2482 3620 2797 3685 sensibus

544 3716 840 3791 illorum,
880 3717 981 3781 ita
1024 3717 1114 3780 ad
1159 3717 1388 3781 vivum
1427 3724 1768 3800 apparent
1815 3725 1888 3780 et
1936 3716 2421 3799 percipiuntur,
2462 3717 2640 3781 sicut
2677 3714 2797 3779 illa

545 3828 720 3895 quae
756 3812 825 3876 in
859 3810 1109 3876 tellure
1143 3813 1234 3875 ab
1263 3811 1569 3886 homine,
1603 3812 1819 3875 immo
1850 3811 2076 3874 multo
2104 3810 2378 3886 clarius,
2407 3808 2795 3875 distinctius

544 3918 616 3971 et
659 3905 1193 3989 perceptibilius.
1283 3905 1786 3989 Apparentiae,
1826 3926 2002 3989 quae
2046 3904 2116 3969 in
2162 3904 2373 3969 caelis
2410 3905 2572 3969 inde
2606 3915 2791 3980 sunt,

543 4002 865 4065 dicuntur
885 3999 1356 4083 apparentiae
1375 4000 1611 4077 reales,
1636 4002 1796 4085 quia
1833 4000 2113 4065 realiter
2134 4002 2492 4065 existunt:
2542 4001 2798 4064 dantur

543 4098 756 4161 etiam
794 4097 1244 4181 apparentiae
1279 4116 1419 4161 non
1455 4097 1703 4169 reales.
1737 4116 1913 4179 quae
1951 4105 2112 4161 sunt
2148 4095 2269 4160 illa
2302 4116 2481 4180 quae
2516 4097 2793 4180 quidem

542 4202 904 4274 apparent,
945 4192 1068 4255 sed
1105 4212 1246 4257 non
1283 4192 1835 4276 correspondent
1868 4192 2311 4257 interioribus
2330 4188 2491 4272 3³⁸⁸)
2538 4191 2662 4257 sed
2705 4192 2796 4259 de

543 4288 648 4351 his
683 4287 754 4351 in
791 4286 1260 4371 sequentibus.

1355 4560 2006 4617 (amem)

649 4676 818 4767 (nan)
873 4672 1054 4749 Quod
1071 4674 1280 4731 omnia
1293 4690 1450 4747 quae
1468 4674 1628 4746 apud
1647 4675 1898 4747 angelos
1918 4686 2227 4747 apparent.
2244 4675 2369 4731 sint
2386 4682 2797 4747 repraesenta·
