3371 5304
807 600 910 651 DE
955 599 1305 653 SECUNDO
1351 599 1594 654 suro
1642 601 1979 657 nomms
2026 603 2208 657 post·
2256 607 2604 658 MORTEM,
2713 612 2839 678 3¹9

583 767 976 854 loquuntur,
1011 779 1088 836 et
1123 772 1489 837 exterioris
1520 773 1907 838 voluntatis
1944 795 2033 839 ex
2072 795 2207 858 qua
2244 787 2481 858 agunt,
2516 797 2657 842 non
2696 777 2832 843 sint

581 885 818 930 eorum
855 868 1151 949 propria,
1191 867 1314 931 sed
1353 869 1472 932 illa
1509 887 1680 952 quae
1721 880 1883 934 sunt
1915 889 2151 934 eorum
2188 872 2533 936 interioria
2563 875 2835 955 cogita-

580 959 790 1023 tionis
829 969 902 1024 et
941 959 1343 1026 voluntatis,
2332 1033 2337 1038 ,

704 1066 906 1137 302.
967 1055 1134 1121 Post
1191 1058 1484 1139 primum
1543 1068 1807 1124 statum
1870 1058 2218 1135 exactum,
2265 1062 2379 1145 qui
2434 1074 2547 1129 est
2606 1073 2833 1129 status

580 1151 1024 1227 exteriorum,
1074 1152 1162 1216 de
1215 1173 1352 1236 quo
1410 1153 1478 1216 in
1539 1155 2008 1236 praecedente
2054 1157 2351 1221 articulo
2409 1157 2637 1223 afium
2696 1172 2829 1236 est,

579 1243 790 1308 homo
815 1246 1092 1328 spiritus
1123 1248 1515 1313 immittitur
1551 1251 1619 1313 in
1659 1259 1925 1316 statum
1957 1253 2356 1316 interiorum
2378 1271 2676 1332 suorum,
2710 1275 2833 1320 seu

579 1340 646 1404 in
683 1351 945 1406 statum
980 1343 1321 1408 interioris
1352 1345 1741 1410 voluntatis
1778 1355 1851 1410 et
1887 1347 2049 1412 inde
2078 1347 2553 1430 cogitationis,
2588 1350 2657 1414 in
2694 1370 2831 1434 quo

577 1434 798 1500 fuerat
844 1439 914 1501 in
961 1440 1240 1516 mund0,
1281 1459 1436 1504 cum
1473 1441 1604 1506 sibi
1649 1439 1928 1506 relictus
1966 1442 2179 1508 libere
2217 1453 2288 1507 et
2334 1444 2593 1528 absque
2638 1444 2831 1510 freno

577 1532 922 1614 cogitavit
956 1554 973 1611 ;
1020 1535 1088 1597 in
1127 1534 1309 1599 hunc
1347 1545 1611 1600 statum
1651 1535 1961 1601 illabitur
1996 1539 2149 1620 ipso
2180 1540 2558 1616 nesciente,
2592 1541 2828 1606 simili·

579 1639 691 1693 ter
747 1637 824 1694 ut
881 1631 950 1693 in
1011 1631 1292 1708 mundo,
1333 1651 1488 1695 cum
1533 1631 1824 1697 retrahit
1882 1635 2387 1716 cogitationem
2438 1637 2828 1718 proximam

577 1722 914 1807 loquelae,
957 1746 1076 1788 seu
1121 1745 1214 1789 ex
1261 1746 1396 1809 qua
1433 1727 1732 1810 loquela,
1772 1747 2009 1792 versus
2045 1729 2463 1806 interiorem,
2504 1749 2584 1794 ac
2632 1732 2699 1795 in
2744 1751 2829 1797 ea

575 1828 900 1884 moratur.
993 1819 1225 1902 Quare
1263 1841 1418 1886 cum
1463 1819 1676 1887 homo
1716 1825 1991 1904 spiritus
2050 1824 2117 1887 in
2177 1824 2311 1888 hoc
2356 1835 2547 1888 statu
2585 1835 2717 1904 est,
2757 1829 2827 1891 in

576 1935 650 1979 se
695 1917 848 1999 ipso
885 1925 1016 1992 est,
1057 1925 1128 1980 et
1190 1917 1258 1980 in
1319 1918 1466 2000 ipsa
1512 1937 1636 1981 sua
1671 1919 1867 1998 vita;
1930 1937 2091 1981 nam
2132 1919 2346 1984 libere
2384 1921 2695 2002 cogitare
2732 1941 2826 1986 ex

575 2013 848 2093 propria
885 2009 1268 2088 affectione,
1305 2021 1414 2076 est
1453 2013 1602 2095 ipsa
1637 2013 1785 2078 vita
1821 2013 2141 2090 hominia,
2182 2024 2257 2079 et
2296 2023 2404 2079 est
2443 2017 2610 2098 ipse.

699 2118 906 2190 503·
968 2105 1259 2190 Spiritus
1290 2108 1359 2171 in
1398 2107 1531 2171 hoc
1565 2116 1757 2173 statu
1794 2110 2067 2191 cogitat
2104 2129 2197 2174 ex
2236 2111 2385 2192 ipsa
2422 2129 2545 2174 sua
2576 2111 2822 2175 volun·

573 2211 746 2277 tate,
785 2203 884 2266 ita
921 2223 1010 2266 ex
1045 2204 1191 2286 ipsa
1227 2223 1352 2266 sua
1385 2199 1770 2280 affestione,
1810 2225 1931 2268 seu
1968 2225 2061 2270 ex
2098 2206 2251 2287 ipso
2288 2225 2413 2268 suo
2450 2225 2706 2283 amore,
2748 2215 2821 2272 et

571 2307 738 2361 tunc
778 2297 1116 2380 cogitatio
1153 2317 1360 2362 unum
1399 2299 1566 2362 facit
1603 2317 1759 2362 cum
1796 2298 2183 2376 voluntate,
2223 2319 2303 2364 ac
2338 2302 2437 2364 ita
2474 2321 2705 2376 unum,
2748 2313 2821 2368 ut

571 2393 690 2456 vix
758 2403 1090 2476 appareat
1160 2394 1342 2478 quod
1409 2394 1703 2476 cogitet,
1771 2395 1895 2458 sed
1958 2395 2141 2476 quod
2202 2393 2390 2460 velit.
2492 2394 2823 2461 Similiter

571 2509 791 2571 paene
851 2507 1006 2553 cum
1067 2489 1408 2572 loquitur;
1471 2509 1625 2553 cum
1681 2489 2067 2554 differentia
2126 2500 2386 2566 tamen,
2427 2493 2610 2574 quod
2666 2509 2821 2556 cum

569 2585 802 2668 aliquo
847 2585 1116 2662 timore,
1159 2604 1246 2648 ne
1291 2585 1606 2669 cogitata
1649 2585 2034 2652 voluntatis
2082 2587 2263 2650 nuda
2311 2597 2596 2663 exeant,
2645 2608 2815 2671 quo·

571 2682 753 2745 niam
793 2681 862 2745 id
901 2682 1114 2745 etiam
1151 2680 1534 2745 voluntatis
1569 2680 1715 2763 ejus
1752 2680 2006 2747 factum
2046 2690 2153 2747 est
2192 2702 2284 2747 ex
2330 2683 2511 2747 civili
2556 2684 2701 2747 vita
2746 2685 2814 2747 in

571 2778 851 2841 munde.

693 2884 902 2953 304.
961 2868 1246 2948 Omnes„
1281 2879 1722 2955 quotcunque
1753 2880 1913 2936 sunt
1949 2871 2286 2949 homines„
2322 2880 2482 2954 post
2522 2884 2818 2938 mortem

566 2968 634 3033 in
670 2968 852 3032 hunc
891 2976 1154 3032 statum
1191 2968 1678 3043 immittuntur,
1712 2969 1871 3050 quia
1904 2968 2022 3033 ille
2060 2976 2171 3032 est
2204 2968 2512 3051 proprius
2542 2970 2819 3052 spiritus

568 3082 826 3127 eorum.
915 3062 1104 3125 Prior
1135 3070 1362 3125 status
1397 3072 1507 3125 est
1541 3062 1762 3145 qualis
1793 3062 2007 3127 homo
2032 3062 2316 3147 ¹¹¹quoad
2348 3065 2659 3145 spiritum
2692 3064 2817 3129 suit

566 3160 636 3222 in
675 3158 1068 3233 consortiiS,
1096 3158 1209 3243 qui
1247 3168 1473 3221 status
1509 3178 1648 3222 non
1685 3168 1795 3223 est
1843 3160 2155 3241 proprius
2200 3158 2363 3240 ejuS.
2455 3156 2660 3240 Quod
2705 3158 2817 3224 hic

567 3264 815 3330 status,
865 3274 985 3317 seu
1031 3262 1256 3316 status
1303 3253 1749 3329 exteriorum,
1796 3254 1864 3317 in
1924 3273 2062 3337 quo
2108 3254 2319 3318 homo
2366 3255 2657 3334 primum
2704 3264 2817 3319 est

567 3359 728 3434 post
775 3360 1094 3422 mortem,
1143 3349 1231 3412 de
1277 3368 1412 3431 quo
1457 3350 1523 3413 in
1573 3350 2033 3431 praecedente
2078 3348 2371 3413 articulo
2406 3347 2635 3413 actum
2681 3358 2813 3425 est,

567 3466 706 3509 non
753 3447 844 3509 sit
890 3445 1202 3527 proprius
1247 3442 1411 3526 ejus,
1451 3454 1775 3509 constare
1823 3455 2058 3528 potest
2106 3465 2145 3507 a
2192 3444 2533 3528 pluribus;
2602 3454 2677 3509 ut
2723 3462 2815 3507 ex
2877 3484 2895 3507 ‚

566 3562 671 3617 e0,
706 3542 890 3623 quod
929 3541 1208 3623 spiritus
1247 3558 1384 3604 non
1424 3540 1634 3603 modo
1670 3541 2010 3621 cogitent,
2038 3540 2159 3603 sed
2201 3542 2412 3603 etiam
2446 3540 2817 3622 loquantur

565 3655 658 3700 ex
695 3656 817 3701 sua
849 3633 1234 3710 affectione,
1269 3654 1430 3699 nam
1469 3632 1745 3717 loquela
1776 3634 2045 3699 illorum
2084 3645 2193 3699 est
2232 3654 2323 3699 ex
2360 3634 2500 3710 illa,
2533 3644 2611 3697 ut
2648 3652 2813 3696 con-

563 3740 752 3795 stare
789 3739 1028 3813 potest
1073 3750 1164 3795 ex
1213 3730 1294 3793 iis
1341 3748 1516 3812 quae
1552 3730 1620 3792 in
1665 3728 1962 3794 articulo
2006 3728 2096 3792 de
2138 3728 2457 3812 Loquela
2496 3727 2813 3810 Angelo-

563 3846 712 3891 rum
755 3826 850 3909 (n.
888 3828 1240 3909 234—245)‚
1282 3823 1466 3917 dicta
1512 3835 1584 3890 et
1631 3836 1919 3889 ostensa
1954 3834 2136 3888 sunt.
2226 3824 2554 3889 Similiter
2600 3824 2812 3888 etiam

564 3923 780 3995 homo
813 3924 1154 4004 cogitavit
1199 3923 1267 3985 in
1315 3921 1596 3995 mundo,
1635 3938 1793 3983 cum
1839 3920 2021 3984 intra
2064 3938 2179 3998 se3
2253 3939 2411 3983 nam
2458 3928 2627 3983 tunc
2672 3937 2812 3982 non

563 4020 906 4101 cogitavit
953 4038 1045 4082 ex
1091 4017 1366 4100 loquela
1404 4017 1508 4079 sui
1551 4015 1881 4097 corporis»,
1914 4016 2039 4079 sed
2086 4016 2296 4079 modo
2332 4016 2503 4079 vidit
2548 4014 2689 4089 illa,
2728 4034 2811 4081 ac

563 4113 765 4179 simul
826 4113 1020 4198 plura
1077 4114 1262 4177 intra
1307 4112 1648 4175 minutum
1696 4111 2053 4193 temporis,
2097 4130 2301 4194 quam
2360 4110 2521 4175 dein
2580 4111 2811 4194 potuit

563 4230 684 4295 per
720 4208 1161 4273 semihorium
1200 4208 1448 4291 eloqui.
1543 4205 1751 4288 Quod
1796 4215 2024 4269 status
2070 4208 2492 4271 exteriorum
2534 4222 2671 4269 non
2718 4206 2811 4270 sit

563 4306 876 4389 proprius
923 4304 1220 4368 hominis
1279 4322 1400 4367 seu
1451 4302 1597 4384 ejus
1647 4303 1947 4385 spiritua,
1998 4304 2206 4365 etiam
2268 4310 2465 4385 patet
2524 4320 2618 4365 ex
2676 4320 2805 4364 eo:

563 4402 748 4484 quod
781 4418 936 4463 cum
975 4400 1042 4463 in
1075 4399 1334 4463 mundo
1364 4409 1475 4462 est
1505 4400 1572 4463 in
1606 4397 1994 4473 consortiis,
2022 4408 2187 4462 tunc
2215 4397 2535 4480 loquatur
2562 4415 2806 4461 secun-

563 4495 726 4558 dum
774 4494 968 4577 leges
1011 4495 1199 4560 vitae
1247 4492 1524 4558 moralis
1569 4503 1642 4557 et
1689 4492 1929 4567 civilss,
1968 4504 2041 4555 et
2085 4493 2269 4575 quod
2316 4503 2477 4555 tunc
2526 4491 2809 4555 interior

563 4590 906 4673 cogitatio
941 4598 1142 4672 regat
1179 4590 1617 4659 exteriorem,
1657 4589 1831 4651 sicut
1872 4607 2042 4651 unus
2079 4586 2307 4655 alium.
2344 4606 2429 4649 ne
2469 4586 2805 4666 procedat
