3371 5304
572 628 699 695 270
1206 626 1307 677 DE
1350 624 1603 677 CAELO
1648 626 1747 677 ET
1792 622 2152 676 INFERNO.

570 817 772 880 supra
798 794 891 878 (n.
922 794 1031 877 39)
1058 793 1286 859 ac'tum
1311 804 1454 873 est3
1500 794 1684 879 quod
1717 796 1826 859 hic
1853 796 2101 859 iterum
2126 792 2642 857 memorandum
2667 803 2798 867 est,

568 893 727 973 quia
762 892 1053 955 interest
1090 899 1165 953 ut
1204 890 1657 954 discutiantur
1689 889 2000 953 fallaciae
2037 888 2194 954 inde
2232 898 2501 970 captae,
2535 896 2610 950 ut
2645 886 2722 949 fit
2760 906 2801 949 a

570 986 875 1069 pluribus
912 986 1023 1067 qui
1062 986 1153 1048 ob
1190 982 1529 1047 defectum
1568 986 2026 1059 scientiarum,
2068 1003 2146 1047 ac
2193 980 2624 1047 intellectum
2661 1000 2798 1045 non

568 1090 907 1161 apertum,
975 1080 1061 1143 de
1134 1079 1239 1142 his
1310 1096 1447 1141 non
1514 1079 1950 1144 rationaliter
2013 1077 2422 1141 concludere
2487 1085 2798 1158 possunt.

572 1174 768 1237 Haec
806 1175 899 1237 ibi
938 1174 1147 1237 verba
1184 1184 1343 1236 sunt
1372 1192 1475 1235 2-

677 1326 709 1348 “
726 1318 921 1373 Velim
942 1334 1223 1372 arcanum
1248 1317 1553 1388 quoddam
1580 1317 1656 1371 de
1673 1316 1902 1389 angelis
1925 1318 2109 1371 trium
2128 1316 2425 1371 caelorum
2455 1333 2798 1379 memorare.

568 1390 733 1461 quod
766 1391 929 1472 prius
968 1405 1089 1443 non
1126 1388 1304 1443 alicui
1337 1388 1397 1441 in
1430 1398 1694 1442 mentem
1724 1388 1906 1449 venit,
1932 1388 2074 1458 quia
2103 1404 2224 1441 non
2259 1388 2555 1442 intellexit
2582 1388 2796 1458 gradus

573 1462 673 1528 (de
691 1462 925 1531 quibus,
948 1476 1003 1513 n.
1026 1461 1116 1528 38)
1138 1477 1151 1521 ς
1180 1460 1344 1529 quod
1367 1474 1581 1529 nempe
1598 1458 1760 1528 apud
1781 1460 2240 1528 unumquemvis
2259 1459 2554 1529 angelum,
2569 1468 2636 1511 et
2651 1472 2796 1527 quo·

568 1546 685 1601 que
715 1531 874 1599 apud
906 1529 1367 1599 unumquemvis
1399 1528 1707 1583 hominem
1738 1529 1819 1583 sit
1847 1530 2066 1599 gradus
2098 1529 2345 1583 intimus
2373 1539 2436 1583 et
2469 1544 2796 1598 supremus,

570 1618 674 1655 seu
704 1602 979 1654 intimum
1008 1611 1069 1653 et
1094 1616 1437 1669 supremum
1462 1600 1789 1669 quoddam,
1817 1600 1876 1652 in
1903 1600 2067 1670 quod
2097 1598 2380 1653 Divinum
2411 1598 2655 1653 Domini
2683 1600 2796 1668 pri·

572 1688 735 1725 mum
762 1682 867 1725 aut
892 1670 1163 1742 proxime
1190 1670 1400 1732 influit,
1428 1680 1491 1724 et
1516 1686 1589 1723 ex
1614 1686 1735 1741 quo
1764 1669 2035 1739 disponit
2065 1668 2290 1740 reliqua
2321 1669 2620 1731 interiora,
2648 1684 2797 1739 quae

568 1742 899 1797 secundum
924 1743 1143 1812 gradus
1168 1740 1397 1795 ordinis
1422 1741 1583 1811 apud
1622 1740 1756 1795 illos
1779 1741 2133 1795 succedunt.
2209 1739 2346 1794 Hoc
2384 1739 2662 1793 intimum
2692 1756 2798 1795 seu

570 1829 915 1883 supremum
943 1812 1141 1865 vocari
1182 1821 1381 1879 potest
1406 1811 1690 1865 introitus
1725 1810 1969 1864 Domini
2000 1811 2077 1864 ad
2109 1811 2388 1881 angelum
2413 1820 2476 1865 et
2503 1812 2580 1865 ad
2607 1810 2796 1865 horni-

572 1900 727 1945 nem,
748 1898 817 1937 ac
850 1882 1209 1951 ipsissimum
1240 1880 1433 1951 Ipsius
1459 1881 1828 1935 domicilium
1855 1881 2014 1951 apud
2048 1880 2198 1935 illos,
2253 1882 2367 1935 Per
2385 1880 2504 1934 hoc
2523 1880 2798 1935 intimum

570 1964 673 2007 aut
704 1968 1044 2023 supremum
1078 1953 1261 2005 homo
1292 1962 1383 2005 est
1414 1952 1615 2013 homo,
1640 1962 1703 2005 et
1727 1950 2120 2021 distinguitur
2142 1968 2177 2005 a
2206 1952 2398 2005 brutis
2429 1950 2798 2014 animalibus,

572 2040 708 2078 nam
726 2024 874 2078 haec
902 2024 1045 2077 illud
1074 2038 1193 2077 non
1216 2021 1454 2077 habent.
1530 2021 1679 2076 Inde
1695 2031 1807 2083 est,
1824 2023 1987 2091 quod
2009 2022 2209 2085 hom0,
2225 2038 2396 2077 secus
2414 2036 2484 2075 ac
2501 2022 2798 2083 animalia,

572 2094 761 2165 possit
779 2095 977 2165 quoad
994 2093 1196 2148 omnia
1222 2092 1519 2153 interiora,
1538 2109 1693 2163 quae
1711 2103 1856 2147 sunt
1879 2093 2099 2147 mentis
2123 2102 2187 2147 et
2205 2094 2390 2147 animi
2415 2094 2562 2162 ejus,
2582 2094 2798 2146 elevari

568 2180 605 2219 a
631 2164 895 2218 Domino
920 2164 994 2218 ad
1028 2164 1122 2225 Se,
1151 2162 1341 2232 possit
1364 2164 1606 2217 credere
1633 2163 1693 2216 in
1727 2160 1946 2231 Ipsum,
1973 2162 2125 2217 affici
2157 2179 2359 2217 amore
2397 2160 2454 2215 in
2491 2161 2712 2233 Ipsum,
2738 2175 2799 2217 et

570 2236 656 2289 sic
680 2236 882 2289 videre
916 2234 1136 2305 Ipsum.
1162 2242 1225 2287 et
1260 2233 1422 2302 quod
1462 2233 1651 2303 possit
1682 2233 1947 2303 recipere
1987 2232 2442 2304 intelligentiam
2476 2244 2537 2287 et
2567 2235 2798 2303 sapien-

570 2306 733 2367 tiam.
758 2316 821 2360 et
847 2306 1009 2375 loqui
1048 2321 1123 2358 ex
1150 2304 1413 2365 ratione;
1452 2304 1591 2359 inde
1614 2318 1857 2375 quoque
1881 2314 1975 2357 est
1998 2304 2160 2373 quod
2187 2304 2352 2358 vivat
2383 2304 2443 2357 in
2474 2313 2799 2360 aeternum.

571 2374 731 2459 Quid
768 2386 971 2431 autem
1010 2374 1349 2444 disponitur
1377 2384 1439 2429 et
1477 2374 1826 2445 providetur
1851 2389 1890 2427 a
1928 2372 2190 2429 Domino
2221 2373 2281 2429 in
2312 2390 2386 2430 eo
2419 2374 2648 2437 intimo,
2681 2390 2798 2429 non

572 2446 767 2499 influit
810 2444 1123 2500 manifeste
1170 2446 1229 2499 in
1275 2460 1448 2515 perce
1494 2445 1720 2499 tionem
1757 2444 2009 2515 alicujus
2051 2445 2263 2517 angeli,
2302 2444 2446 2515 quia
2485 2456 2579 2499 est
2620 2462 2798 2517 supra

568 2518 699 2587 ejus
722 2518 1169 2587 cogitationem,
1196 2526 1259 2570 et
1282 2530 1426 2570 exce
1472 2515 1520 2569 it
1544 2515 1675 2585 ejus
1700 2514 2108 2584 „sapientiam”

698 2669 905 2750 436.
966 2667 1168 2749 Quod
1201 2667 1410 2732 homo
1440 2667 1532 2730 sit
1568 2667 1845 2748 spiritus
1881 2667 2106 2749 quoad
2143 2667 2468 2733 interiora
2501 2688 2643 2744 sua,
2677 2668 2798 2732 da·

572 2777 717 2828 tum
749 2773 856 2825 est
890 2765 1053 2826 mihi
1085 2765 1257 2827 scire
1291 2782 1409 2843 per
1431 2760 1720 2826 multam
1745 2762 2271 2844 experientiam,
2298 2783 2501 2845 quam
2527 2783 2798 2827 omnem

570 2861 625 2922 si
670 2857 1103 2932 adducerem,
1144 2855 1540 2940 11¹impleret,
1580 2857 1758 2920 sicut
1809 2857 2076 2933 dicitur,
2117 2859 2572 2922 membranas·
2661 2859 2799 2922 Lo·

571 2963 771 3017 cutus
808 2972 956 3015 sum
996 2972 1150 3016 cum
1188 2952 1534 3033 spiritibus
1571 2960 1646 3014 ut
1685 2952 1986 3034 spirituS,
2025 2961 2099 3016 et
2145 2953 2415 3016 locutus
2451 2973 2601 3016 sum
2645 2973 2798 3016 cum

570 3047 705 3112 illis
743 3056 818 3110 ut
850 3047 1058 3110 homo
1097 3048 1165 3109 in
1202 3066 1488 3127 corpore
1518 3067 1535 3123 ;
1581 3055 1652 3108 et
1692 3065 1846 3110 cum
1881 3046 2152 3110 locutus
2183 3067 2331 3112 sum
2369 3067 2522 3110 cum
2555 3048 2688 3110 illis
2725 3059 2798 3111 ut

570 3145 871 3224 spirituS,
934 3162 1073 3205 non
1140 3143 1488 3204 sciverunt
1548 3141 1750 3204 aliter
1809 3159 2013 3222 quam
2073 3143 2256 3223 quod
2315 3143 2462 3224 ipse
2526 3144 2798 3224 spiritus

570 3257 818 3312 essem,
866 3246 938 3300 et
984 3255 1254 3318 quoque
1298 3236 1365 3298 in
1411 3235 1713 3298 humana
1753 3234 1971 3298 forma
2016 3237 2194 3299 sicut
2237 3236 2382 3314 illi;
2449 3238 2548 3300 ita
2590 3257 2798 3320 appa-

570 3341 853 3396 ruerunt
898 3331 1221 3394 interiora
1266 3346 1420 3393 mea
1478 3348 1710 3394 coram
1755 3329 1912 3403 illis,
1961 3332 2284 3412 quoniam
2331 3351 2484 3395 cum
2531 3332 2799 3396 locutus

571 3446 717 3490 sum
757 3436 832 3490 ut
870 3427 1168 3506 spirituS,
1210 3423 1567 3487 materiale
1606 3443 1833 3486 meum
1867 3443 2114 3505 corpus
2150 3445 2288 3488 non
2327 3428 2661 3508 apparuit.
2701 3479 2708 3488 .

699 3531 895 3604 437.
955 3519 1161 3601 Quod
1191 3519 1403 3582 homo
1426 3519 1650 3601 quoad
1683 3519 2010 3584 interiora
2041 3540 2164 3584 sua
2195 3521 2283 3584 sit
2315 3523 2612 3603 spiritua,
2633 3542 2800 3586 con-

569 3625 755 3680 stare
793 3624 1029 3696 potest
1066 3634 1156 3676 ex
1194 3635 1299 3687 eo,
1334 3613 1516 3695 quod
1556 3622 1921 3695 postquam
1957 3625 2346 3695 separatum
2385 3626 2494 3680 est
2530 3636 2796 3698 corpuS,

570 3710 751 3792 quod
797 3709 874 3773 fit
919 3728 1073 3773 cum
1110 3709 1415 3782 moritur,
1456 3727 1667 3789 usque
1708 3707 1862 3771 dein
1909 3709 2100 3772 vivat
2138 3708 2344 3773 homo
2381 3712 2558 3774 sicut
2596 3713 2795 3793 prius,

572 3804 672 3868 Ut
710 3803 1147 3868 confirmarer
1190 3803 1256 3865 in
1303 3822 1408 3878 e0‚
1450 3802 1690 3866 datum
1729 3812 1838 3866 est
1885 3802 2070 3885 loqui
2109 3822 2262 3866 cum
2307 3804 2446 3869 sere
2482 3807 2799 3871 omnibus

571 3918 743 3981 quos
796 3916 1078 3979 usquam
1138 3907 1345 3961 notos
1405 3896 1609 3960 habui
1665 3898 1737 3960 in
1794 3899 1940 3962 vita
1991 3899 2295 3981 corporis
2339 3919 2595 3974 eorum,
2645 3921 2798 3964 cum

569 3992 972 4074 quibusdam
1018 4011 1139 4072 per
1182 3990 1407 4067 horaS,
1446 4010 1603 4054 cum
1646 3991 2050 4074 quibusdam
2098 4012 2218 4074 per
2263 3996 2683 4075 septimanas
2725 4007 2800 4060 et

570 4105 865 4160 menseS,
912 4095 987 4149 et
1033 4104 1185 4149 cum
1232 4085 1633 4167 quibusdam
1682 4105 1803 4167 per
1847 4105 2086 4162 annos,
2134 4097 2208 4151 et
2259 4087 2392 4152 hoc
2437 4091 2798 4172 praecipue

569 4180 661 4245 ob
694 4199 967 4244 causam
1006 4189 1081 4243 ut
1118 4179 1575 4256 confirmarer,
1614 4188 1688 4244 et
1725 4191 1800 4245 ut
1837 4190 2153 4247 testarer.

692 4273 896 4356 438.
944 4273 1073 4337 His
1104 4273 1397 4355 adjicere
1422 4275 1609 4350 licet,
1632 4276 1815 4357 quod
1849 4277 2304 4360 unusquisque
2326 4277 2558 4354 homo,
2585 4280 2795 4342 etiam

570 4370 733 4433 dum
776 4371 845 4432 in
890 4387 1175 4452 corpore
1220 4371 1414 4444 vivit,
1462 4371 1685 4452 quoad
1733 4371 2042 4452 spiritum
2089 4392 2284 4436 suum
2331 4375 2419 4436 sit
2463 4374 2534 4436 in
2579 4375 2795 4438 socie-

570 4473 721 4528 tate
766 4481 921 4528 cum
968 4464 1337 4546 spiritibuS,
1379 4464 1661 4528 tametsi
1705 4465 1772 4528 id
1820 4467 2066 4541 nescit,
2103 4467 2324 4531 bonus
2363 4486 2484 4550 per
2523 4467 2686 4532 illos
2728 4469 2796 4531 in

570 4557 902 4624 societate
934 4559 1268 4641 angelica,
1294 4569 1366 4624 et
1398 4558 1617 4624 malus
1648 4560 1714 4622 in
1747 4561 2082 4626 societate
2119 4561 2468 4638 infernali;
2515 4571 2586 4627 et
2615 4561 2796 4644 quod
