3371 5304
567 643 787 695 NEMO
809 644 910 694 Ex
926 645 1377 696 IMMEDIATA
1393 643 1949 698 MISERICORDIA
1967 647 2047 696 IN
2067 645 2381 698 CAELUM
2400 647 2653 698 VENIT.
2684 647 2807 718 335

691 831 888 902 525·
950 817 1286 901 Plerique,
1344 817 1458 902 qui
1523 839 1616 884 ex
1683 815 2083 882 Christiano
2140 817 2305 882 orbe
2370 817 2441 882 in
2502 817 2804 882 alteram

563 913 782 976 vitam
828 914 1136 988 veniunt,
1185 933 1420 978 secum
1477 912 1668 977 illam
1715 912 1920 978 fidem
1968 913 2215 988 serunt,
2260 913 2447 995 quod
2492 913 2813 978 salvandi·

562 1009 702 1072 sint
741 1029 832 1074 ex
872 1009 1275 1073 immediata
1309 1007 1803 1084 misericordia,
1837 1026 1996 1071 nam
2030 1007 2221 1072 illam
2259 1007 2635 1088 implorant
2668 1029 2687 1087 ;
2730 1017 2811 1074 at·

561 1121 716 1168 cum
747 1101 1096 1184 explorati
1127 1113 1312 1177 sunt,
1339 1113 1771 1186 compertum
1804 1112 1935 1178 est,
1963 1101 2145 1186 quod
2178 1103 2595 1168 crediderint
2622 1101 2806 1186 quod

559 1200 796 1263 venire
827 1200 896 1262 in
933 1197 1202 1262 caelum
1239 1198 1331 1264 sit
1365 1198 1587 1262 solum
1627 1199 1931 1274 admitti,
1972 1207 2047 1261 et
2090 1195 2273 1280 quod
2307 1198 2419 1280 qui
2456 1199 2805 1262 intromit-

562 1305 822 1370 tuntur,
857 1295 926 1358 in
974 1294 1232 1376 gaudio
1269 1293 1558 1358 caelesti
1617 1295 1799 1373 sint3
1862 1309 2141 1375 prorsus
2200 1293 2592 1356 nescientes
2644 1291 2807 1376 quid

559 1389 848 1466 caelum,
875 1398 948 1454 et
980 1389 1138 1472 quid
1165 1389 1490 1472 gaudium
1517 1387 1841 1454 caeleste.
1932 1386 2373 1469 Quapropter
2397 1386 2529 1450 illis
2550 1385 2807 1452 dictum

559 1495 690 1560 est,
717 1485 899 1568 quod
933 1504 974 1548 a
1003 1483 1308 1547 Domino
1340 1483 1594 1548 nemini
1626 1484 1895 1548 caelum
1921 1494 2234 1565 negetur,
2270 1492 2341 1546 et
2374 1483 2555 1566 quod
2587 1483 2805 1547 intro·-

562 1580 746 1644 mitti
776 1587 1032 1662 queant
1070 1579 1127 1642 si
1163 1579 1585 1654 desiderant,
1620 1587 1693 1642 et
1732 1597 2001 1661 quoque
2040 1579 2132 1642 ibi
2168 1580 2437 1642 morari.
2527 1577 2659 1654 Illi,
2693 1578 2810 1661 qui

559 1675 690 1738 hoc
733 1673 1240 1750 desiderabant,
1287 1673 1497 1736 etiam
1537 1673 1819 1736 admissi
1856 1681 2057 1751 sunt3
2107 1672 2227 1737 sed
2273 1691 2425 1736 cum
2470 1673 2539 1736 in
2588 1673 2807 1756 primo

561 1768 792 1834 limine
831 1777 1054 1846 erant,
1094 1789 1186 1832 ex
1236 1765 1474 1832 afflatu
1511 1767 1762 1832 caloris
1801 1767 2150 1842 caelestiS,
2190 1768 2305 1850 qui
2351 1777 2461 1833 est
2496 1787 2691 1832 amor
2738 1768 2806 1831 in

561 1885 696 1949 quo
740 1873 900 1930 sunt
945 1864 1199 1946 angeli,
1239 1874 1312 1928 et
1371 1881 1462 1926 ex
1521 1861 1785 1927 influxu
1845 1862 2015 1927 lucis
2073 1861 2420 1938 caelestis,
2462 1883 2637 1946 quae
2696 1873 2807 1927 est

562 1958 882 2024 Divinum
919 1977 1177 2034 verum,
1218 1958 1518 2042 correpti
1549 1965 1708 2020 sunt
1744 1974 2004 2040 angore
2044 1958 2271 2022 cordis
2308 1957 2458 2032 tali,
2499 1966 2573 2020 ut
2617 1959 2685 2020 in
2732 1977 2807 2022 se

559 2055 936 2118 cruciatum
970 2053 1374 2118 infernalem
1413 2053 1572 2116 loco
1607 2052 1845 2135 gaudii
1875 2051 2199 2116 caelestis
2235 2053 2759 2134 apperceperint
2788 2073 2805 2130 ;

560 2169 650 2214 ex
689 2169 830 2234 quo·
863 2148 1180 2232 perculsi,
1215 2149 1626 2230 praecipites
1673 2167 1748 2212 se
1786 2148 1945 2212 inde
1982 2146 2449 2228 conjecerunt.
2539 2147 2650 2212 Ita
2686 2167 2809 2230 per

558 2245 782 2310 vivam
829 2244 1330 2326 experientiam
1375 2240 1691 2308 instructi
1736 2254 1919 2320 sunt,
1967 2243 2153 2326 quod
2214 2261 2350 2306 non
2411 2242 2617 2306 alicui
2661 2244 2809 2308 dari

565 2341 784 2423 possit
824 2337 1089 2405 caelum
1129 2360 1219 2403 ex
1257 2339 1662 2404 immediata
1698 2339 2178 2404 misericordia.

673 2435 875 2516 526·
935 2433 1243 2499 Locutus
1275 2454 1424 2498 sum
1463 2432 1877 2518 quandoque
1915 2434 2001 2498 de
2036 2433 2168 2498 hac
2207 2453 2279 2498 re
2318 2451 2471 2498 cum
2510 2431 2803 2516 angelis,

559 2539 630 2594 et
673 2529 820 2592 dixi
865 2531 1050 2613 quod
1095 2529 1400 2613 plerique
1455 2531 1521 2592 in
1571 2529 1851 2604 munde,
1900 2530 2012 2612 qui
2059 2529 2129 2592 in
2190 2527 2375 2592 malo
2428 2529 2689 2602 vivunt,
2732 2539 2807 2594 et

560 2643 714 2690 cum
747 2623 898 2688 aliis
931 2623 1017 2689 de
1050 2623 1247 2690 caelo
1272 2635 1344 2689 et
1383 2625 1470 2688 de
1508 2624 1652 2687 vita
1683 2633 1969 2689 aeterna
2001 2622 2393 2706 loquuntur,
2421 2641 2560 2687 non
2599 2623 2805 2689 aliter

559 2721 816 2795 dicant,
857 2738 1062 2803 quam
1100 2720 1284 2804 quod
1325 2720 1556 2783 venire
1601 2720 1670 2783 in
1711 2717 1978 2783 caelum
2016 2718 2109 2783 sit
2154 2718 2363 2781 modo
2400 2718 2677 2782 admitti
2714 2738 2807 2783 ex

559 2815 709 2880 sola
753 2814 1261 2894 misericordia,
1331 2824 1404 2880 et
1449 2814 1634 2897 quod
1673 2788 2003 2896 imprimis
2055 2811 2157 2876 illi
2216 2810 2285 2877 id
2338 2813 2653 2889 credant,
2692 2813 2807 2896 qui

561 2910 764 2975 fidem
809 2910 1070 2974 faciunt
1115 2910 1391 2975 unicum
1437 2909 1679 2973 salutis
1726 2908 2064 2981 medium.
2136 2925 2294 2970 nam
2340 2907 2438 2971 illi
2484 2928 2575 2972 ex
2622 2910 2804 2992 prin-

560 3006 740 3089 cipio
783 3006 1136 3088 religionis
1171 3024 1336 3069 suae
1381 3024 1520 3069 non
1567 3000 1889 3087 spectant
1935 3004 2025 3067 ad
2071 3002 2308 3078 vitam,
2357 3012 2433 3067 et
2476 3003 2567 3067 ad
2612 3020 2803 3067 amo-

559 3103 650 3167 ris
693 3100 874 3165 facta
917 3120 1092 3184 quae
1140 3099 1396 3165 faciunt
1439 3100 1678 3175 vitam,
1728 3100 1825 3163 ita
1868 3118 1995 3163 nec
2056 3096 2147 3162 ad
2208 3098 2344 3161 alia
2390 3098 2636 3173 media,
2685 3116 2807 3181 per

559 3217 732 3281 quae
788 3196 1124 3259 Dominus
1177 3195 1353 3261 indit
1406 3194 1668 3258 homini
1729 3193 2019 3267 caelum,
2076 3202 2149 3259 et
2206 3192 2371 3257 facit
2429 3203 2505 3257 ut
2564 3212 2805 3273 recep-

559 3291 772 3356 tibilis
817 3292 906 3355 sit
965 3290 1197 3372 gaudii
1241 3290 1605 3368 caelestis;
1673 3298 1747 3353 et
1807 3288 1967 3371 quia
2024 3289 2119 3351 sic
2182 3304 2388 3351 omne
2425 3288 2806 3351 mediatum

560 3385 832 3452 actuale
889 3384 1224 3467 rejiciunt,
1271 3406 1361 3449 ex
1423 3385 1845 3448 necessitate
1890 3382 2199 3466 principii
2245 3390 2565 3446 statuunt
2620 3381 2807 3465 quod

558 3482 773 3547 homo
825 3482 894 3545 in
951 3479 1220 3545 caelum
1267 3480 1502 3544 veniat
1567 3498 1660 3543 ex
1726 3475 1877 3542 sola
1920 3477 2404 3550 misericordia,
2454 3476 2543 3539 ad
2602 3494 2805 3559 quam

565 3576 786 3641 Deum
835 3576 1110 3640 Patrem
1157 3574 1453 3639 credunt
1506 3592 1628 3658 per
1672 3573 2245 3637 intercessionem
2294 3569 2447 3635 Filii
2497 3590 2805 3634 commo-

560 3672 720 3735 veri.
811 3670 928 3735 Ad
987 3670 1158 3735 haec
1205 3668 1438 3753 angeli
1497 3670 1847 3743 dixerunt,
1895 3667 2079 3751 quod
2138 3666 2363 3729 sciant
2422 3666 2605 3749 quod
2664 3664 2807 3729 tale

557 3766 816 3847 dogma
851 3774 1180 3848 sequatur
1216 3786 1308 3827 ex
1347 3765 1766 3827 necessitate
1810 3782 1855 3825 a
1898 3771 2105 3843 capto
2142 3760 2477 3844 principio
2522 3759 2608 3823 de
2655 3760 2807 3824 sola

559 3861 732 3939 fide3
779 3872 852 3926 et
885 3862 1044 3944 quia
1073 3860 1139 3924 id
1171 3861 1431 3941 dogma
1463 3868 1570 3923 est
1604 3866 1813 3939 caput
1844 3857 2285 3940 reliquorum,
2320 3856 2389 3917 in
2420 3854 2625 3938 quod,
2650 3856 2809 3937 quia

561 3975 700 4022 non
733 3964 840 4020 est
866 3975 1122 4031 verum,
1151 3974 1290 4019 non
1316 3954 1546 4037 aliqua
1567 3953 1691 4017 lux
1724 3972 1761 4015 e
1794 3950 1991 4016 caelo
2021 3950 2301 4015 influere
2326 3959 2587 4033 potest,
2621 3950 2806 4031 quod

560 4052 718 4115 inde
755 4052 846 4115 sit
883 4051 1298 4133 ignorantia,
1331 4050 1400 4113 in
1437 4068 1574 4131 qua
1607 4046 1905 4113 ecclesia
1941 4045 2148 4110 hodie
2186 4054 2313 4119 est,
2354 4044 2441 4106 de
2480 4042 2803 4119 Domine,

561 4148 648 4211 de
700 4146 919 4220 caelo,
976 4145 1064 4209 de
1121 4146 1270 4209 vita
1319 4154 1480 4225 post
1537 4152 1859 4217 mortem,
1908 4140 1995 4205 de
2053 4140 2307 4223 gaudio
2366 4137 2677 4213 caelesti,
2719 4139 2805 4202 de

560 4242 868 4307 essentia
904 4242 1156 4305 amoris
1193 4250 1265 4303 et
1303 4238 1684 4313 charitatis,
1726 4246 1798 4301 et
1838 4236 1906 4299 in
1944 4254 2201 4319 genere
2232 4234 2319 4298 de
2356 4233 2565 4309 bonu,
2606 4244 2679 4296 et
2718 4233 2805 4296 de

559 4337 702 4420 ejus
733 4334 1213 4419 conjunctione
1245 4354 1398 4400 cum
1434 4354 1619 4410 vero,
1655 4332 1943 4415 proinde
1974 4331 2060 4394 de
2090 4330 2237 4393 vita
2272 4329 2589 4405 hominiS,
2624 4330 2804 4393 unde

559 4442 688 4509 est,
721 4444 794 4497 et
826 4431 1044 4515 qualis
1075 4440 1183 4496 est
1211 4452 1226 4511 ;
1273 4450 1446 4514 quae
1479 4439 1717 4495 tamen
1750 4445 2083 4510 nusquam
2115 4424 2315 4488 alicui
2347 4433 2456 4487 est
2487 4443 2579 4485 ex
2612 4424 2805 4505 cogi-

561 4529 853 4603 tatione,
893 4527 1014 4592 sed
1060 4546 1152 4590 ex
1198 4525 1562 4591 voluntate
1609 4533 1680 4587 et
1728 4522 1888 4586 inde
1932 4518 2152 4594 sactis
2193 4527 2264 4583 et
2304 4518 2487 4602 quod
2526 4526 2801 4581 tantum

561 4644 651 4689 ex
711 4622 1160 4706 cogitatione,
1209 4630 1542 4705 quantum
1589 4616 1931 4701 cogitatio
1973 4613 2189 4681 trahit
2249 4634 2343 4677 ex
2394 4611 2802 4690 voluntate,
