3371 5304
529 598 652 649 222
1162 596 1266 647 DE
1310 593 1567 645 CAELO
1612 595 1711 645 ET
1759 594 2118 646 INFERNO.

522 766 971 831 illustrationi
999 785 1014 829 ε
1062 765 1177 849 qui
1210 766 1549 829 sincerum
1572 764 1748 846 agit,
1781 774 1854 828 et
1887 783 2026 827 non
2057 763 2418 827 defraudat
2448 763 2768 839 alterum,

522 882 615 925 ex
662 862 815 925 sola
858 881 1065 925 causa
1110 862 1267 943 quia
1312 861 1517 925 timet
1562 858 1778 941 leges,
1811 856 2150 940 jacturam
2193 859 2418 923 famae
2477 868 2552 923 ct
2609 859 2772 923 inde

522 958 803 1023 honoris
840 966 961 1021 aut
1000 956 1193 1031 lucri,
1233 966 1307 1021 et
1352 956 1411 1019 si
1452 955 1573 1019 ille
1607 956 1820 1019 timor
1855 975 1994 1019 non
2032 954 2432 1030 refrenaret,
2468 952 2770 1019 alterum

522 1051 965 1117 defraudaret
1012 1060 1348 1134 quantum
1394 1059 1673 1132 posset3
1737 1049 1884 1132 ejus
1927 1051 2270 1131 cogitatio
2314 1058 2388 1113 et
2445 1049 2774 1112 voluntas

521 1158 631 1212 est
676 1147 877 1221 fraus,
917 1155 989 1211 et
1035 1156 1275 1209 tamen
1315 1144 1455 1227 ejus
1490 1143 1674 1211 facta
1717 1146 1788 1209 in
1835 1154 2134 1209 externa
2175 1144 2391 1207 forma
2429 1152 2770 1226 apparent

518 1245 828 1319 sincera;
876 1243 932 1305 is
968 1242 1126 1323 quia
1163 1242 1541 1305 insincerus
1578 1250 1653 1305 et
1699 1239 2130 1305 fradulentus
2167 1240 2454 1303 interius
2491 1247 2624 1315 est,
2663 1240 2767 1302 in-

520 1334 783 1401 fernum
840 1337 910 1401 in
969 1356 1043 1399 se
1102 1334 1357 1400 habet:
1428 1335 1541 1419 qui
1600 1344 1836 1399 autem
1881 1335 2224 1399 sincerum
2281 1334 2456 1417 agit,
2495 1342 2570 1397 et
2627 1351 2768 1397 non

520 1430 879 1495 defraudat
940 1430 1257 1507 alterum,
1306 1450 1397 1493 ex
1458 1450 1669 1495 causa
1727 1430 1886 1513 quia
1945 1440 2058 1493 est
2101 1440 2350 1493 contra
2405 1428 2656 1504 Deum,
2695 1438 2770 1491 et

520 1536 766 1591 contra
810 1527 1225 1635 proximum,
1272 1526 1331 1589 is
1384 1525 1441 1589 si
1486 1533 1728 1608 posset
1771 1525 2173 1589 defraudare
2219 1524 2516 1589 alterum
2555 1542 2768 1605 usque

521 1642 662 1687 non
698 1622 957 1701 vellet;
1002 1622 1147 1704 ejus
1185 1622 1525 1703 cogitatio
1560 1631 1635 1685 et
1678 1620 2008 1686 voluntas
2044 1630 2153 1685 est
2187 1621 2664 1696 conscientia;
2711 1619 2770 1681 is

518 1718 784 1783 caelum
832 1719 903 1783 in
962 1738 1035 1781 se
1082 1716 1316 1781 habet.
1408 1716 1465 1779 F
1468 1714 1626 1780 acta
1680 1718 2033 1799 utriusque
2089 1716 2160 1779 in
2219 1726 2517 1780 externa
2551 1714 2770 1779 forma

517 1822 856 1895 apparent
892 1810 1165 1887 similia,
1206 1812 1327 1875 sed
1364 1812 1434 1875 in
1472 1812 1746 1875 interna
1783 1822 1944 1875 sunt
1979 1830 2258 1894 prorsus
2293 1809 2672 1875 dissimilia.

641 1920 849 1989 359.
908 1905 1255 1987 Quoniam
1291 1906 1503 1972 homo
1546 1906 1615 1969 in
1660 1916 1959 1970 externa
1995 1906 2216 1970 forma
2257 1914 2498 1988 potest
2539 1906 2770 1967 vivere

519 2001 695 2065 sicut
748 2001 942 2077 alius,
991 2011 1231 2085 potest
1291 2002 1653 2077 ditescere,
1709 2001 1994 2083 epulari,
2041 2001 2358 2065 habitare
2403 2010 2477 2065 et
2529 2000 2768 2064 vestiri

518 2095 881 2178 splendide
918 2097 1295 2161 secundum
1332 2096 1809 2161 conditionem
1855 2106 1930 2159 et
1975 2093 2418 2171 functionem,
2450 2094 2768 2177 jucundis

517 2202 591 2255 et
629 2190 833 2257 laetis
863 2191 1008 2267 frui,
1044 2212 1125 2256 ac
1160 2191 1524 2256 mundanis
1553 2191 1748 2273 fungi
1779 2201 2064 2274 propter
2096 2190 2322 2254 officia
2351 2198 2425 2255 et
2453 2192 2766 2272 negotia,

518 2296 592 2349 et
628 2296 908 2369 propter
942 2287 1158 2351 vitam
1194 2288 1406 2350 animi
1444 2296 1517 2351 et
1560 2288 1894 2369 corporis,
1935 2286 2143 2349 modo
2179 2286 2467 2349 interius
2505 2304 2764 2369 agnos·

518 2390 632 2445 cat
674 2381 1022 2456 Divinum,
1060 2390 1134 2445 et
1173 2382 1525 2445 benevelit
1563 2382 1910 2462 proximo,
1949 2390 2173 2463 patet,
2213 2380 2400 2464 quod
2437 2400 2578 2445 non
2618 2391 2763 2445 tam

517 2474 792 2541 difficile
848 2478 961 2552 sit,
1010 2478 1189 2541 sicut
1236 2496 1277 2539 a
1335 2476 1573 2541 multis
1626 2476 1950 2551 creditur,
1997 2476 2268 2559 ingredi
2311 2477 2495 2539 viam
2547 2476 2764 2555 caeli3

517 2571 666 2635 sola
703 2570 1075 2635 difficultas
1110 2582 1243 2646 est,
1286 2590 1491 2655 posse
1529 2572 1852 2635 resistere
1889 2573 2108 2635 amori
2145 2572 2248 2635 sui
2285 2581 2360 2635 et
2399 2572 2656 2647 mundi,
2689 2581 2764 2636 et

517 2667 824 2732 inhibere
890 2687 977 2730 ne
1044 2668 1675 2748 praedominentur,
1733 2687 1895 2730 nam
1960 2666 2120 2730 inde
2185 2669 2423 2731 omnia
2479 2665 2762 2732 malasi)

518 2760 723 2842 Quod
762 2783 900 2826 non
949 2771 1095 2826 tam
1130 2761 1409 2828 difficile
1452 2764 1568 2838 sit,
1604 2763 1788 2828 sicut
1823 2764 2143 2839 creditur,
2181 2762 2600 2845 intelligitur
2641 2783 2764 2846 per

515 2857 686 2922 haec
726 2857 1007 2922 Domini
1040 2858 1273 2935 verba,

618 2991 869 3043 “Discite
893 3007 928 3042 a
962 2989 1056 3042 Me
1080 2993 1224 3056 quod
1250 2993 1398 3043 mitis
1427 2993 1548 3052 sim,
1573 3002 1627 3043 et
1661 2993 1882 3042 humilis
1908 2991 2088 3051 corde,
2118 3001 2174 3043 et
2207 2993 2498 3042 invenietis
2523 2993 2760 3057 requiem

776 3061 1063 3108 animabus
1086 3060 1314 3110 vestris:
1361 3059 1552 3122 jugum
1588 3057 1736 3110 euim
1773 3073 1954 3110 meum
1990 3059 2150 3108 facile
2183 3069 2286 3118 est,
2315 3069 2370 3109 et
2401 3073 2545 3108 onus
2580 3071 2760 3109 meum

778 3125 898 3174 leve
917 3125 945 3143 ”
969 3125 1187 3186 (Mutela.
1212 3126 1283 3175 xi.
1310 3137 1389 3188 29,
1409 3123 1495 3188 30)
1515 3139 1529 3185 ;

516 3258 700 3343 quod
725 3258 964 3343 jugum
1000 3260 1278 3324 Domini
1310 3259 1512 3324 facile
1546 3261 1659 3335 sit,
1695 3269 1768 3324 et
1802 3280 1975 3324 onus
2009 3259 2186 3336 leve,
2213 3269 2322 3324 est
2353 3261 2514 3343 quia
2543 3279 2760 3344 quan·

416 3407 424 3418 .
516 3364 664 3418 tum
701 3354 909 3418 homo
940 3357 1200 3419 resistit
1234 3357 1432 3420 malis
1470 3375 1561 3419 ex
1601 3373 1838 3419 amore
1871 3357 1971 3418 sui
2009 3365 2082 3420 et
2115 3355 2349 3419 mundi
2383 3356 2762 3419 scaturien-

516 3449 721 3524 tibus,
758 3459 1031 3514 tantum
1064 3451 1337 3515 ducitur
1368 3471 1409 3514 a
1443 3451 1766 3524 Domino,
1800 3461 1874 3513 et
1909 3470 2046 3513 non
2081 3471 2122 3513 a
2157 3460 2379 3514 semet
2408 3471 2424 3527 ;
2471 3459 2546 3515 et
2578 3451 2762 3532 quod

518 3543 855 3609 Dominus
900 3546 1058 3609 dein
1106 3546 1241 3609 illis
1284 3547 1467 3628 apud
1512 3545 1863 3608 hominem
1909 3547 2210 3620 resistat,
2251 3553 2324 3610 et
2370 3544 2491 3609 illa
2537 3562 2762 3609 remo-

516 3649 699 3705 veat.

640 3737 855 3818 360.
900 3735 1209 3801 Locutus
1234 3756 1383 3800 sum
1402 3755 1559 3800 cum
1574 3736 1916 3819 aliquibus
1940 3746 2101 3819 post
2121 3745 2438 3812 mortem,
2462 3737 2576 3819 qui
2601 3738 2762 3800 dum

516 3831 585 3895 in
619 3833 876 3895 mundo
907 3834 1256 3908 vixerunt,
1291 3831 1789 3896 abdicaverunt
1823 3833 2174 3909 mundum,
2209 3841 2282 3896 et
2320 3851 2396 3896 se
2427 3829 2765 3896 dederunt

1294 4065 1394 4117 [(ιιι
1420 4073 1616 4107 uem
1640 4067 1996 4120 caumana„

624 4167 715 4236 (d)
816 4167 937 4224 uod
962 4183 1037 4223 ex
1062 4181 1269 4222 amore
1288 4183 1385 4224 sui
1404 4177 1470 4223 et
1494 4169 1706 4223 mundi
1731 4169 1936 4225 omnia
1961 4169 2118 4225 mala
2169 4169 2760 4239 n.13o7,r3o8‚1321,

522 4249 807 4376 {3792-259
772 4253 857 4308 9¹
886 4253 1042 4308 3413
1070 4251 1227 4308 7255.
1249 4239 1406 4308 7376
1428 4238 1832 4310 7480[?7490]
1852 4239 2010 4307 7488,
2031 4239 2130 4309 8³1
2175 4251 2370 4311 9,335
2391 4241 2550 4311 9348
2578 4241 2763 4310 ι6938

620 4377 792 4451 Quae
829 4389 971 4435 sunt
1006 4390 1394 4452 contemptus
1416 4382 1688 4445 aliorum,
1716 4381 2083 4446 inimicitiae,
2107 4381 2266 4444 odia,
2289 4381 2612 4446 vindictae.
2638 4397 2765 4438 sae-

514 4451 715 4513 vitiae
742 4451 867 4506 doli
895 4453 977 4519 (n
1002 4451 1160 4536 6667,
1190 4453 1581 4522 [7370.7371.]
1610 4463 1770 4522 7³72.
1798 4464 1957 4523 7373,
1977 4463 2135 4522 7374,
2151 4452 2310 4540 9348,
2337 4453 2525 4538 10938
2553 4453 2764 4522 ¹0742)

620 4519 801 4593 Quod
828 4522 1015 4578 homo
1050 4521 1113 4576 in
1146 4523 1281 4578 illos
1316 4539 1552 4578 amores
1576 4533 1874 4588 nascatur,
1899 4525 1986 4580 ita
2008 4525 2172 4597 quod
2211 4524 2272 4580 in
2311 4524 2430 4581 iuis
2455 4525 2579 4580 sint
2607 4525 2766 4579 mala

515 4593 647 4663 ejus
671 4592 1035 4648 hereditaria
1062 4595 1145 4664 (ιι.
1158 4593 1283 4664 694,
1304 4605 1465 4664 4317,
1496 4593 1677 4665 5660).
