<?xml version="1.0" encoding="UTF-8"?>
<!DOCTYPE html PUBLIC "-//W3C//DTD XHTML 1.0 Transitional//EN"
    "http://www.w3.org/TR/xhtml1/DTD/xhtml1-transitional.dtd">
<html xmlns="http://www.w3.org/1999/xhtml" xml:lang="en" lang="en">
 <head>
  <title>
</title>
<meta http-equiv="Content-Type" content="text/html;charset=utf-8" />
  <meta name='ocr-system' content='tesseract 3.04.00' />
  <meta name='ocr-capabilities' content='ocr_page ocr_carea ocr_par ocr_line ocrx_word'/>
</head>
<body>
  <div class='ocr_page' id='page_1' title='image "./exauditisetvisi00swedgoog_0378.png"; bbox 0 0 3371 5304; ppageno 0'>
   <div class='ocr_carea' id='block_1_1' title="bbox 621 607 2233 676">
    <p class='ocr_par' dir='ltr' id='par_1_1' title="bbox 621 607 2233 676">
     <span class='ocr_line' id='line_1_1' title="bbox 621 607 2233 676; baseline 0.002 -20"><span class='ocrx_word' id='word_1_1' title='bbox 621 607 744 676; x_wconf 83' lang='lat'><strong>372</strong></span> <span class='ocrx_word' id='word_1_2' title='bbox 1270 607 1376 660; x_wconf 71' lang='lat' dir='ltr'><strong>DE</strong></span> <span class='ocrx_word' id='word_1_3' title='bbox 1419 607 1678 660; x_wconf 61' lang='lat' dir='ltr'><strong>cal-:Lo</strong></span> <span class='ocrx_word' id='word_1_4' title='bbox 1720 609 1819 660; x_wconf 76' lang='lat' dir='ltr'><strong>ET</strong></span> <span class='ocrx_word' id='word_1_5' title='bbox 1862 607 2233 661; x_wconf 64' lang='lat' dir='ltr'><strong>lurtum.</strong></span> 
     </span>
    </p>
   </div>
   <div class='ocr_carea' id='block_1_2' title="bbox 615 775 2865 4659">
    <p class='ocr_par' dir='ltr' id='par_1_2' title="bbox 615 775 2865 3027">
     <span class='ocr_line' id='line_1_2' title="bbox 619 775 2863 860; baseline 0 -18"><span class='ocrx_word' id='word_1_6' title='bbox 619 785 696 842; x_wconf 68' lang='lat' dir='ltr'><strong>et</strong></span> <span class='ocrx_word' id='word_1_7' title='bbox 747 775 1188 851; x_wconf 80' lang='lat' dir='ltr'>concludere,</span> <span class='ocrx_word' id='word_1_8' title='bbox 1237 797 1442 860; x_wconf 79' lang='lat' dir='ltr'><strong>quam</strong></span> <span class='ocrx_word' id='word_1_9' title='bbox 1487 787 1721 860; x_wconf 85' lang='lat' dir='ltr'><strong>potest</strong></span> <span class='ocrx_word' id='word_1_10' title='bbox 1778 778 1963 842; x_wconf 89' lang='lat' dir='ltr'><strong>intra</strong></span> <span class='ocrx_word' id='word_1_11' title='bbox 2012 778 2455 844; x_wconf 86' lang='lat' dir='ltr'><strong>semihorium</strong></span> <span class='ocrx_word' id='word_1_12' title='bbox 2500 777 2731 860; x_wconf 84' lang='lat' dir='ltr'><strong>eloqui</strong></span> <span class='ocrx_word' id='word_1_13' title='bbox 2788 787 2863 842; x_wconf 84' lang='lat' dir='ltr'><strong>et</strong></span> 
     </span>
     <span class='ocr_line' id='line_1_3' title="bbox 617 872 2865 956; baseline 0 -20"><span class='ocrx_word' id='word_1_14' title='bbox 617 872 960 953; x_wconf 72' lang='lat' dir='ltr'><strong>scriptura</strong></span> <span class='ocrx_word' id='word_1_15' title='bbox 993 873 1422 954; x_wconf 80' lang='lat' dir='ltr'>exprimere:</span> <span class='ocrx_word' id='word_1_16' title='bbox 1469 873 1631 938; x_wconf 89' lang='lat' dir='ltr'><strong>inde</strong></span> <span class='ocrx_word' id='word_1_17' title='bbox 1670 883 1893 955; x_wconf 85' lang='lat' dir='ltr'><strong>patet,</strong></span> <span class='ocrx_word' id='word_1_18' title='bbox 1928 886 2261 956; x_wconf 89' lang='lat' dir='ltr'><strong>quantum</strong></span> <span class='ocrx_word' id='word_1_19' title='bbox 2294 873 2599 938; x_wconf 87' lang='lat' dir='ltr'><strong>excellet</strong></span> <span class='ocrx_word' id='word_1_20' title='bbox 2630 873 2865 946; x_wconf 86' lang='lat' dir='ltr'><strong>homo,</strong></span> 
     </span>
     <span class='ocr_line' id='line_1_4' title="bbox 617 967 2863 1051; baseline 0.001 -21"><span class='ocrx_word' id='word_1_21' title='bbox 617 967 900 1050; x_wconf 85' lang='lat' dir='ltr'><strong>quando</strong></span> <span class='ocrx_word' id='word_1_22' title='bbox 941 967 1012 1030; x_wconf 89' lang='lat' dir='ltr'><strong>in</strong></span> <span class='ocrx_word' id='word_1_23' title='bbox 1058 987 1182 1030; x_wconf 88' lang='lat' dir='ltr'><strong>suo</strong></span> <span class='ocrx_word' id='word_1_24' title='bbox 1219 967 1458 1048; x_wconf 87' lang='lat' dir='ltr'><strong>spiritu</strong></span> <span class='ocrx_word' id='word_1_25' title='bbox 1495 978 1630 1042; x_wconf 85' lang='lat' dir='ltr'><strong>est,</strong></span> <span class='ocrx_word' id='word_1_26' title='bbox 1663 969 1951 1049; x_wconf 78' lang='lat' dir='ltr'>proinde</span> <span class='ocrx_word' id='word_1_27' title='bbox 1986 979 2325 1051; x_wconf 87' lang='lat' dir='ltr'><strong>quantum</strong></span> <span class='ocrx_word' id='word_1_28' title='bbox 2360 989 2515 1032; x_wconf 89' lang='lat' dir='ltr'><strong>cum</strong></span> <span class='ocrx_word' id='word_1_29' title='bbox 2554 967 2632 1033; x_wconf 83' lang='lat' dir='ltr'><strong>fit</strong></span> <span class='ocrx_word' id='word_1_30' title='bbox 2668 969 2863 1050; x_wconf 86' lang='lat' dir='ltr'><strong>spiri·</strong></span> 
     </span>
     <span class='ocr_line' id='line_1_5' title="bbox 616 1063 2865 1147; baseline 0 -19"><span class='ocrx_word' id='word_1_31' title='bbox 616 1071 772 1138; x_wconf 72' lang='lat' dir='ltr'><strong>tus;</strong></span> <span class='ocrx_word' id='word_1_32' title='bbox 822 1080 980 1126; x_wconf 88' lang='lat' dir='ltr'><strong>nam</strong></span> <span class='ocrx_word' id='word_1_33' title='bbox 1019 1063 1293 1144; x_wconf 87' lang='lat' dir='ltr'><strong>spiritus</strong></span> <span class='ocrx_word' id='word_1_34' title='bbox 1331 1071 1441 1124; x_wconf 83' lang='lat' dir='ltr'><strong>est</strong></span> <span class='ocrx_word' id='word_1_35' title='bbox 1478 1064 1593 1144; x_wconf 89' lang='lat' dir='ltr'><strong>qui</strong></span> <span class='ocrx_word' id='word_1_36' title='bbox 1627 1064 1923 1144; x_wconf 82' lang='lat' dir='ltr'>cogitat,</span> <span class='ocrx_word' id='word_1_37' title='bbox 1962 1074 2037 1128; x_wconf 86' lang='lat' dir='ltr'><strong>et</strong></span> <span class='ocrx_word' id='word_1_38' title='bbox 2082 1083 2331 1147; x_wconf 85' lang='lat' dir='ltr'><strong>corpus</strong></span> <span class='ocrx_word' id='word_1_39' title='bbox 2364 1074 2475 1128; x_wconf 86' lang='lat' dir='ltr'><strong>est</strong></span> <span class='ocrx_word' id='word_1_40' title='bbox 2520 1084 2643 1146; x_wconf 89' lang='lat' dir='ltr'><strong>per</strong></span> <span class='ocrx_word' id='word_1_41' title='bbox 2680 1063 2865 1146; x_wconf 89' lang='lat' dir='ltr'><strong>quod</strong></span> 
     </span>
     <span class='ocr_line' id='line_1_6' title="bbox 617 1157 2865 1242; baseline 0 -22"><span class='ocrx_word' id='word_1_42' title='bbox 617 1157 898 1238; x_wconf 82' lang='lat' dir='ltr'><strong>spiritus</strong></span> <span class='ocrx_word' id='word_1_43' title='bbox 943 1158 1274 1238; x_wconf 82' lang='lat' dir='ltr'><strong>exprimit</strong></span> <span class='ocrx_word' id='word_1_44' title='bbox 1333 1177 1460 1220; x_wconf 86' lang='lat' dir='ltr'><strong>sua</strong></span> <span class='ocrx_word' id='word_1_45' title='bbox 1515 1159 1833 1240; x_wconf 88' lang='lat' dir='ltr'><strong>cogitata</strong></span> <span class='ocrx_word' id='word_1_46' title='bbox 1890 1157 2243 1242; x_wconf 89' lang='lat' dir='ltr'><strong>loquendo</strong></span> <span class='ocrx_word' id='word_1_47' title='bbox 2301 1168 2421 1223; x_wconf 91' lang='lat' dir='ltr'><strong>aut</strong></span> <span class='ocrx_word' id='word_1_48' title='bbox 2479 1158 2865 1224; x_wconf 85' lang='lat' dir='ltr'><strong>scribendo.</strong></span> 
     </span>
     <span class='ocr_line' id='line_1_7' title="bbox 619 1250 2863 1336; baseline 0 -20"><span class='ocrx_word' id='word_1_49' title='bbox 619 1250 792 1316; x_wconf 83' lang='lat' dir='ltr'><strong>Inde</strong></span> <span class='ocrx_word' id='word_1_50' title='bbox 827 1261 962 1326; x_wconf 88' lang='lat' dir='ltr'><strong>est,</strong></span> <span class='ocrx_word' id='word_1_51' title='bbox 1004 1251 1188 1333; x_wconf 89' lang='lat' dir='ltr'><strong>quod</strong></span> <span class='ocrx_word' id='word_1_52' title='bbox 1225 1251 1458 1326; x_wconf 86' lang='lat' dir='ltr'><strong>homo,</strong></span> <span class='ocrx_word' id='word_1_53' title='bbox 1498 1254 1614 1334; x_wconf 88' lang='lat' dir='ltr'><strong>qui</strong></span> <span class='ocrx_word' id='word_1_54' title='bbox 1657 1251 1736 1315; x_wconf 84' lang='lat' dir='ltr'><strong>fit</strong></span> <span class='ocrx_word' id='word_1_55' title='bbox 1772 1251 2067 1333; x_wconf 85' lang='lat' dir='ltr'><strong>angelus</strong></span> <span class='ocrx_word' id='word_1_56' title='bbox 2102 1261 2265 1336; x_wconf 87' lang='lat' dir='ltr'><strong>post</strong></span> <span class='ocrx_word' id='word_1_57' title='bbox 2298 1263 2621 1328; x_wconf 89' lang='lat' dir='ltr'><strong>mortem,</strong></span> <span class='ocrx_word' id='word_1_58' title='bbox 2658 1253 2729 1318; x_wconf 89' lang='lat' dir='ltr'><strong>in</strong></span> <span class='ocrx_word' id='word_1_59' title='bbox 2760 1253 2863 1317; x_wconf 88' lang='lat' dir='ltr'><strong>in·</strong></span> 
     </span>
     <span class='ocr_line' id='line_1_8' title="bbox 619 1345 2861 1431; baseline -0.001 -17"><span class='ocrx_word' id='word_1_60' title='bbox 619 1347 1016 1428; x_wconf 81' lang='lat' dir='ltr'><strong>telligentia</strong></span> <span class='ocrx_word' id='word_1_61' title='bbox 1056 1355 1132 1410; x_wconf 90' lang='lat' dir='ltr'><strong>et</strong></span> <span class='ocrx_word' id='word_1_62' title='bbox 1177 1347 1520 1428; x_wconf 78' lang='lat' dir='ltr'><strong>sapientia</strong></span> <span class='ocrx_word' id='word_1_63' title='bbox 1553 1349 1644 1412; x_wconf 84' lang='lat' dir='ltr'><strong>sit</strong></span> <span class='ocrx_word' id='word_1_64' title='bbox 1679 1347 2005 1411; x_wconf 84' lang='lat' dir='ltr'><strong>ineffabili</strong></span> <span class='ocrx_word' id='word_1_65' title='bbox 2042 1345 2422 1431; x_wconf 67' lang='lat' dir='ltr'><strong>respective</strong></span> <span class='ocrx_word' id='word_1_66' title='bbox 2468 1347 2557 1412; x_wconf 89' lang='lat' dir='ltr'><strong>ad</strong></span> <span class='ocrx_word' id='word_1_67' title='bbox 2604 1347 2861 1412; x_wconf 85' lang='lat' dir='ltr'><strong>intelli·</strong></span> 
     </span>
     <span class='ocr_line' id='line_1_9' title="bbox 617 1440 2864 1525; baseline -0.001 -19"><span class='ocrx_word' id='word_1_68' title='bbox 617 1444 926 1524; x_wconf 80' lang='lat' dir='ltr'><strong>gentiam</strong></span> <span class='ocrx_word' id='word_1_69' title='bbox 963 1450 1036 1505; x_wconf 86' lang='lat' dir='ltr'><strong>et</strong></span> <span class='ocrx_word' id='word_1_70' title='bbox 1083 1443 1500 1523; x_wconf 82' lang='lat' dir='ltr'><strong>sapientiam</strong></span> <span class='ocrx_word' id='word_1_71' title='bbox 1536 1440 1677 1522; x_wconf 87' lang='lat' dir='ltr'><strong>ejus</strong></span> <span class='ocrx_word' id='word_1_72' title='bbox 1715 1462 1871 1505; x_wconf 90' lang='lat' dir='ltr'><strong>cum</strong></span> <span class='ocrx_word' id='word_1_73' title='bbox 1908 1443 2089 1506; x_wconf 87' lang='lat' dir='ltr'><strong>vixit</strong></span> <span class='ocrx_word' id='word_1_74' title='bbox 2134 1443 2203 1506; x_wconf 90' lang='lat' dir='ltr'><strong>in</strong></span> <span class='ocrx_word' id='word_1_75' title='bbox 2241 1443 2543 1520; x_wconf 87' lang='lat' dir='ltr'><strong>mundo;</strong></span> <span class='ocrx_word' id='word_1_76' title='bbox 2588 1443 2864 1525; x_wconf 87' lang='lat' dir='ltr'><strong>spiritus</strong></span> 
     </span>
     <span class='ocr_line' id='line_1_10' title="bbox 615 1533 2865 1622; baseline -0.002 -18"><span class='ocrx_word' id='word_1_77' title='bbox 615 1539 800 1604; x_wconf 78' lang='lat' dir='ltr'><strong>enim</strong></span> <span class='ocrx_word' id='word_1_78' title='bbox 841 1534 1004 1616; x_wconf 87' lang='lat' dir='ltr'><strong>ejus,</strong></span> <span class='ocrx_word' id='word_1_79' title='bbox 1037 1555 1194 1600; x_wconf 88' lang='lat' dir='ltr'><strong>cum</strong></span> <span class='ocrx_word' id='word_1_80' title='bbox 1225 1537 1402 1600; x_wconf 83' lang='lat' dir='ltr'><strong>vixit</strong></span> <span class='ocrx_word' id='word_1_81' title='bbox 1441 1537 1508 1600; x_wconf 90' lang='lat' dir='ltr'><strong>in</strong></span> <span class='ocrx_word' id='word_1_82' title='bbox 1543 1537 1823 1612; x_wconf 85' lang='lat' dir='ltr'><strong>mundo,</strong></span> <span class='ocrx_word' id='word_1_83' title='bbox 1856 1533 2125 1600; x_wconf 69' lang='lat' dir='ltr'><strong>vinctus</strong></span> <span class='ocrx_word' id='word_1_84' title='bbox 2156 1537 2279 1600; x_wconf 81' lang='lat' dir='ltr'><strong>fuit</strong></span> <span class='ocrx_word' id='word_1_85' title='bbox 2308 1539 2599 1620; x_wconf 89' lang='lat' dir='ltr'><strong>corpori,</strong></span> <span class='ocrx_word' id='word_1_86' title='bbox 2632 1549 2705 1602; x_wconf 89' lang='lat' dir='ltr'><strong>et</strong></span> <span class='ocrx_word' id='word_1_87' title='bbox 2744 1559 2865 1622; x_wconf 90' lang='lat' dir='ltr'><strong>per</strong></span> 
     </span>
     <span class='ocr_line' id='line_1_11' title="bbox 619 1630 2861 1716; baseline 0.001 -22"><span class='ocrx_word' id='word_1_88' title='bbox 619 1631 787 1694; x_wconf 89' lang='lat' dir='ltr'><strong>illud</strong></span> <span class='ocrx_word' id='word_1_89' title='bbox 825 1630 954 1693; x_wconf 80' lang='lat' dir='ltr'><strong>suit</strong></span> <span class='ocrx_word' id='word_1_90' title='bbox 999 1632 1068 1694; x_wconf 88' lang='lat' dir='ltr'><strong>in</strong></span> <span class='ocrx_word' id='word_1_91' title='bbox 1107 1631 1405 1696; x_wconf 87' lang='lat' dir='ltr'><strong>naturali</strong></span> <span class='ocrx_word' id='word_1_92' title='bbox 1441 1631 1741 1708; x_wconf 88' lang='lat' dir='ltr'><strong>mundo;</strong></span> <span class='ocrx_word' id='word_1_93' title='bbox 1790 1643 2211 1715; x_wconf 88' lang='lat' dir='ltr'><strong>quapropter</strong></span> <span class='ocrx_word' id='word_1_94' title='bbox 2246 1634 2430 1715; x_wconf 87' lang='lat' dir='ltr'><strong>quod</strong></span> <span class='ocrx_word' id='word_1_95' title='bbox 2466 1643 2628 1696; x_wconf 87' lang='lat' dir='ltr'><strong>tunc</strong></span> <span class='ocrx_word' id='word_1_96' title='bbox 2666 1633 2861 1716; x_wconf 87' lang='lat' dir='ltr'><strong>spiri·</strong></span> 
     </span>
     <span class='ocr_line' id='line_1_12' title="bbox 618 1726 2862 1812; baseline 0 -22"><span class='ocrx_word' id='word_1_97' title='bbox 618 1727 900 1790; x_wconf 85' lang='lat' dir='ltr'><strong>tualiter</strong></span> <span class='ocrx_word' id='word_1_98' title='bbox 937 1727 1298 1807; x_wconf 86' lang='lat' dir='ltr'><strong>cogitavit,</strong></span> <span class='ocrx_word' id='word_1_99' title='bbox 1340 1726 1612 1790; x_wconf 84' lang='lat' dir='ltr'><strong>influxit</strong></span> <span class='ocrx_word' id='word_1_100' title='bbox 1645 1728 1715 1790; x_wconf 88' lang='lat' dir='ltr'><strong>in</strong></span> <span class='ocrx_word' id='word_1_101' title='bbox 1748 1727 1941 1790; x_wconf 83' lang='lat' dir='ltr'><strong>ideas</strong></span> <span class='ocrx_word' id='word_1_102' title='bbox 1976 1726 2345 1801; x_wconf 75' lang='lat' dir='ltr'><strong>naturaleS,</strong></span> <span class='ocrx_word' id='word_1_103' title='bbox 2379 1748 2553 1810; x_wconf 88' lang='lat' dir='ltr'><strong>quae</strong></span> <span class='ocrx_word' id='word_1_104' title='bbox 2590 1747 2862 1812; x_wconf 82' lang='lat' dir='ltr'><strong>respec-</strong></span> 
     </span>
     <span class='ocr_line' id='line_1_13' title="bbox 619 1821 2859 1901; baseline 0.001 -17"><span class='ocrx_word' id='word_1_105' title='bbox 619 1823 760 1884; x_wconf 81' lang='lat' dir='ltr'><strong>tive</strong></span> <span class='ocrx_word' id='word_1_106' title='bbox 807 1841 1230 1896; x_wconf 85' lang='lat' dir='ltr'><strong>communes,</strong></span> <span class='ocrx_word' id='word_1_107' title='bbox 1279 1841 1554 1886; x_wconf 75' lang='lat' dir='ltr'>crassae</span> <span class='ocrx_word' id='word_1_108' title='bbox 1599 1831 1672 1885; x_wconf 88' lang='lat' dir='ltr'><strong>et</strong></span> <span class='ocrx_word' id='word_1_109' title='bbox 1720 1821 2058 1886; x_wconf 85' lang='lat' dir='ltr'><strong>obscurae</strong></span> <span class='ocrx_word' id='word_1_110' title='bbox 2092 1832 2295 1901; x_wconf 85' lang='lat' dir='ltr'><strong>sunt;</strong></span> <span class='ocrx_word' id='word_1_111' title='bbox 2356 1843 2437 1886; x_wconf 91' lang='lat' dir='ltr'><strong>ac</strong></span> <span class='ocrx_word' id='word_1_112' title='bbox 2482 1823 2859 1896; x_wconf 87' lang='lat' dir='ltr'><strong>innumera,</strong></span> 
     </span>
     <span class='ocr_line' id='line_1_14' title="bbox 617 1917 2861 2002; baseline 0.001 -22"><span class='ocrx_word' id='word_1_113' title='bbox 617 1937 794 2000; x_wconf 88' lang='lat' dir='ltr'><strong>quae</strong></span> <span class='ocrx_word' id='word_1_114' title='bbox 841 1917 1214 1999; x_wconf 87' lang='lat' dir='ltr'><strong>spiritualis</strong></span> <span class='ocrx_word' id='word_1_115' title='bbox 1259 1919 1713 1999; x_wconf 82' lang='lat' dir='ltr'><strong>cogitationis</strong></span> <span class='ocrx_word' id='word_1_116' title='bbox 1758 1927 1945 1992; x_wconf 83' lang='lat' dir='ltr'><strong>sunt,</strong></span> <span class='ocrx_word' id='word_1_117' title='bbox 1984 1937 2123 1992; x_wconf 71' lang='lat' dir='ltr'><strong>non</strong></span> <span class='ocrx_word' id='word_1_118' title='bbox 2168 1919 2527 2001; x_wconf 89' lang='lat' dir='ltr'><strong>recipiunt,</strong></span> <span class='ocrx_word' id='word_1_119' title='bbox 2575 1929 2647 1982; x_wconf 89' lang='lat' dir='ltr'><strong>et</strong></span> <span class='ocrx_word' id='word_1_120' title='bbox 2694 1938 2861 2002; x_wconf 87' lang='lat' dir='ltr'><strong>quo-</strong></span> 
     </span>
     <span class='ocr_line' id='line_1_15' title="bbox 617 2011 2865 2095; baseline -0 -19"><span class='ocrx_word' id='word_1_121' title='bbox 617 2031 748 2095; x_wconf 81' lang='lat' dir='ltr'><strong>que</strong></span> <span class='ocrx_word' id='word_1_122' title='bbox 779 2011 1141 2076; x_wconf 88' lang='lat' dir='ltr'><strong>involvunt</strong></span> <span class='ocrx_word' id='word_1_123' title='bbox 1167 2013 1400 2076; x_wconf 82' lang='lat' dir='ltr'><strong>densis</strong></span> <span class='ocrx_word' id='word_1_124' title='bbox 1433 2033 1606 2094; x_wconf 88' lang='lat' dir='ltr'><strong>quae</strong></span> <span class='ocrx_word' id='word_1_125' title='bbox 1637 2024 1800 2077; x_wconf 88' lang='lat' dir='ltr'><strong>sunt</strong></span> <span class='ocrx_word' id='word_1_126' title='bbox 1832 2033 1925 2076; x_wconf 90' lang='lat' dir='ltr'><strong>ex</strong></span> <span class='ocrx_word' id='word_1_127' title='bbox 1958 2014 2135 2076; x_wconf 87' lang='lat' dir='ltr'><strong>curis</strong></span> <span class='ocrx_word' id='word_1_128' title='bbox 2166 2013 2235 2077; x_wconf 85' lang='lat' dir='ltr'><strong>in</strong></span> <span class='ocrx_word' id='word_1_129' title='bbox 2268 2013 2544 2076; x_wconf 91' lang='lat' dir='ltr'><strong>mundo.</strong></span> <span class='ocrx_word' id='word_1_130' title='bbox 2634 2012 2865 2076; x_wconf 84' lang='lat' dir='ltr'><strong>Aliter</strong></span> 
     </span>
     <span class='ocr_line' id='line_1_16' title="bbox 616 2105 2861 2190; baseline -0.001 -18"><span class='ocrx_word' id='word_1_131' title='bbox 616 2126 774 2172; x_wconf 83' lang='lat' dir='ltr'><strong>cum</strong></span> <span class='ocrx_word' id='word_1_132' title='bbox 813 2109 1086 2189; x_wconf 87' lang='lat' dir='ltr'><strong>spiritus</strong></span> <span class='ocrx_word' id='word_1_133' title='bbox 1117 2107 1386 2172; x_wconf 80' lang='lat' dir='ltr'><strong>solutus</strong></span> <span class='ocrx_word' id='word_1_134' title='bbox 1416 2118 1524 2172; x_wconf 88' lang='lat' dir='ltr'><strong>est</strong></span> <span class='ocrx_word' id='word_1_135' title='bbox 1563 2128 1604 2170; x_wconf 88' lang='lat' dir='ltr'><strong>a</strong></span> <span class='ocrx_word' id='word_1_136' title='bbox 1641 2127 1953 2188; x_wconf 85' lang='lat' dir='ltr'><strong>corpore,</strong></span> <span class='ocrx_word' id='word_1_137' title='bbox 1988 2128 2071 2171; x_wconf 92' lang='lat' dir='ltr'><strong>ac</strong></span> <span class='ocrx_word' id='word_1_138' title='bbox 2110 2109 2177 2172; x_wconf 87' lang='lat' dir='ltr'><strong>in</strong></span> <span class='ocrx_word' id='word_1_139' title='bbox 2216 2127 2409 2171; x_wconf 86' lang='lat' dir='ltr'><strong>suum</strong></span> <span class='ocrx_word' id='word_1_140' title='bbox 2440 2105 2861 2190; x_wconf 85' lang='lat' dir='ltr'><strong>spiritualem</strong></span> 
     </span>
     <span class='ocr_line' id='line_1_17' title="bbox 619 2199 2861 2284; baseline -0.002 -16"><span class='ocrx_word' id='word_1_141' title='bbox 619 2213 882 2268; x_wconf 84' lang='lat' dir='ltr'><strong>statum</strong></span> <span class='ocrx_word' id='word_1_142' title='bbox 921 2204 1148 2280; x_wconf 85' lang='lat' dir='ltr'><strong>venit;</strong></span> <span class='ocrx_word' id='word_1_143' title='bbox 1203 2203 1388 2284; x_wconf 87' lang='lat' dir='ltr'><strong>quod</strong></span> <span class='ocrx_word' id='word_1_144' title='bbox 1425 2201 1528 2277; x_wconf 82' lang='lat' dir='ltr'><strong>fit,</strong></span> <span class='ocrx_word' id='word_1_145' title='bbox 1565 2222 1723 2268; x_wconf 87' lang='lat' dir='ltr'><strong>cum</strong></span> <span class='ocrx_word' id='word_1_146' title='bbox 1772 2224 1863 2266; x_wconf 87' lang='lat' dir='ltr'><strong>ex</strong></span> <span class='ocrx_word' id='word_1_147' title='bbox 1910 2203 2205 2268; x_wconf 89' lang='lat' dir='ltr'><strong>naturali</strong></span> <span class='ocrx_word' id='word_1_148' title='bbox 2250 2203 2507 2267; x_wconf 87' lang='lat' dir='ltr'><strong>mundo</strong></span> <span class='ocrx_word' id='word_1_149' title='bbox 2552 2204 2619 2266; x_wconf 86' lang='lat' dir='ltr'><strong>in</strong></span> <span class='ocrx_word' id='word_1_150' title='bbox 2664 2199 2861 2284; x_wconf 87' lang='lat' dir='ltr'><strong>spiri·</strong></span> 
     </span>
     <span class='ocr_line' id='line_1_18' title="bbox 618 2295 2863 2380; baseline -0.001 -20"><span class='ocrx_word' id='word_1_151' title='bbox 618 2299 904 2372; x_wconf 88' lang='lat' dir='ltr'><strong>tualem,</strong></span> <span class='ocrx_word' id='word_1_152' title='bbox 953 2299 1068 2380; x_wconf 89' lang='lat' dir='ltr'><strong>qui</strong></span> <span class='ocrx_word' id='word_1_153' title='bbox 1127 2298 1189 2361; x_wconf 90' lang='lat' dir='ltr'><strong>ei</strong></span> <span class='ocrx_word' id='word_1_154' title='bbox 1249 2297 1560 2380; x_wconf 82' lang='lat' dir='ltr'><strong>proprius</strong></span> <span class='ocrx_word' id='word_1_155' title='bbox 1605 2307 1739 2370; x_wconf 87' lang='lat' dir='ltr'><strong>est,</strong></span> <span class='ocrx_word' id='word_1_156' title='bbox 1780 2298 2055 2362; x_wconf 81' lang='lat' dir='ltr'><strong>transit.</strong></span> <span class='ocrx_word' id='word_1_157' title='bbox 2145 2295 2350 2378; x_wconf 85' lang='lat' dir='ltr'><strong>Quod</strong></span> <span class='ocrx_word' id='word_1_158' title='bbox 2411 2307 2574 2362; x_wconf 88' lang='lat' dir='ltr'><strong>tunc</strong></span> <span class='ocrx_word' id='word_1_159' title='bbox 2634 2305 2863 2360; x_wconf 86' lang='lat' dir='ltr'><strong>status</strong></span> 
     </span>
     <span class='ocr_line' id='line_1_19' title="bbox 619 2389 2861 2475; baseline -0.003 -15"><span class='ocrx_word' id='word_1_160' title='bbox 619 2393 760 2475; x_wconf 82' lang='lat' dir='ltr'><strong>ejus</strong></span> <span class='ocrx_word' id='word_1_161' title='bbox 792 2393 1018 2474; x_wconf 89' lang='lat' dir='ltr'><strong>quoad</strong></span> <span class='ocrx_word' id='word_1_162' title='bbox 1058 2393 1526 2473; x_wconf 77' lang='lat' dir='ltr'><strong>cogitationes</strong></span> <span class='ocrx_word' id='word_1_163' title='bbox 1562 2402 1635 2456; x_wconf 89' lang='lat' dir='ltr'><strong>et</strong></span> <span class='ocrx_word' id='word_1_164' title='bbox 1671 2390 2073 2456; x_wconf 63' lang='lat' dir='ltr'><strong>affectiones</strong></span> <span class='ocrx_word' id='word_1_165' title='bbox 2108 2393 2515 2456; x_wconf 87' lang='lat' dir='ltr'><strong>immensum</strong></span> <span class='ocrx_word' id='word_1_166' title='bbox 2554 2389 2861 2456; x_wconf 86' lang='lat' dir='ltr'><strong>excellat</strong></span> 
     </span>
     <span class='ocr_line' id='line_1_20' title="bbox 618 2485 2857 2572; baseline -0.002 -20"><span class='ocrx_word' id='word_1_167' title='bbox 618 2509 782 2572; x_wconf 82' lang='lat' dir='ltr'><strong>prae</strong></span> <span class='ocrx_word' id='word_1_168' title='bbox 831 2497 1022 2551; x_wconf 87' lang='lat' dir='ltr'><strong>statu</strong></span> <span class='ocrx_word' id='word_1_169' title='bbox 1079 2487 1224 2569; x_wconf 85' lang='lat' dir='ltr'><strong>ejus</strong></span> <span class='ocrx_word' id='word_1_170' title='bbox 1269 2488 1496 2569; x_wconf 87' lang='lat' dir='ltr'><strong>priori,</strong></span> <span class='ocrx_word' id='word_1_171' title='bbox 1544 2509 1636 2550; x_wconf 91' lang='lat' dir='ltr'><strong>ex</strong></span> <span class='ocrx_word' id='word_1_172' title='bbox 1692 2507 1870 2551; x_wconf 89' lang='lat' dir='ltr'><strong>nunc</strong></span> <span class='ocrx_word' id='word_1_173' title='bbox 1916 2485 2117 2551; x_wconf 68' lang='lat' dir='ltr'><strong>dic&#39;tis</strong></span> <span class='ocrx_word' id='word_1_174' title='bbox 2165 2497 2383 2569; x_wconf 88' lang='lat' dir='ltr'><strong>patet.</strong></span> <span class='ocrx_word' id='word_1_175' title='bbox 2474 2487 2681 2550; x_wconf 84' lang='lat' dir='ltr'><strong>Unde</strong></span> <span class='ocrx_word' id='word_1_176' title='bbox 2726 2497 2857 2559; x_wconf 89' lang='lat' dir='ltr'><strong>est,</strong></span> 
     </span>
     <span class='ocr_line' id='line_1_21' title="bbox 619 2579 2860 2667; baseline -0.001 -21"><span class='ocrx_word' id='word_1_177' title='bbox 619 2584 801 2667; x_wconf 91' lang='lat' dir='ltr'><strong>quod</strong></span> <span class='ocrx_word' id='word_1_178' title='bbox 835 2582 1068 2665; x_wconf 87' lang='lat' dir='ltr'><strong>angeli</strong></span> <span class='ocrx_word' id='word_1_179' title='bbox 1093 2583 1411 2665; x_wconf 87' lang='lat' dir='ltr'><strong>cogitent</strong></span> <span class='ocrx_word' id='word_1_180' title='bbox 1437 2581 1803 2649; x_wconf 83' lang='lat' dir='ltr'><strong>ineffabilia</strong></span> <span class='ocrx_word' id='word_1_181' title='bbox 1834 2592 1906 2646; x_wconf 86' lang='lat' dir='ltr'><strong>et</strong></span> <span class='ocrx_word' id='word_1_182' title='bbox 1938 2581 2487 2665; x_wconf 85' lang='lat' dir='ltr'><strong>inexpressibilia</strong></span> <span class='ocrx_word' id='word_1_183' title='bbox 2516 2601 2531 2660; x_wconf 90' lang='lat'>;</span> <span class='ocrx_word' id='word_1_184' title='bbox 2578 2579 2860 2665; x_wconf 85' lang='lat' dir='ltr'><strong>proinde</strong></span> 
     </span>
     <span class='ocr_line' id='line_1_22' title="bbox 619 2672 2861 2762; baseline -0.003 -19"><span class='ocrx_word' id='word_1_185' title='bbox 619 2680 804 2755; x_wconf 89' lang='lat' dir='ltr'><strong>talia,</strong></span> <span class='ocrx_word' id='word_1_186' title='bbox 844 2699 1019 2762; x_wconf 89' lang='lat' dir='ltr'><strong>quae</strong></span> <span class='ocrx_word' id='word_1_187' title='bbox 1067 2698 1203 2742; x_wconf 90' lang='lat' dir='ltr'><strong>non</strong></span> <span class='ocrx_word' id='word_1_188' title='bbox 1249 2678 1507 2741; x_wconf 89' lang='lat' dir='ltr'><strong>intrare</strong></span> <span class='ocrx_word' id='word_1_189' title='bbox 1556 2688 1849 2760; x_wconf 87' lang='lat' dir='ltr'><strong>possunt</strong></span> <span class='ocrx_word' id='word_1_190' title='bbox 1893 2678 1960 2741; x_wconf 90' lang='lat' dir='ltr'><strong>in</strong></span> <span class='ocrx_word' id='word_1_191' title='bbox 2009 2677 2477 2759; x_wconf 87' lang='lat' dir='ltr'><strong>cogitationes</strong></span> <span class='ocrx_word' id='word_1_192' title='bbox 2515 2672 2861 2739; x_wconf 86' lang='lat' dir='ltr'><strong>naturales</strong></span> 
     </span>
     <span class='ocr_line' id='line_1_23' title="bbox 619 2769 2857 2855; baseline -0.002 -18"><span class='ocrx_word' id='word_1_193' title='bbox 619 2774 915 2838; x_wconf 87' lang='lat' dir='ltr'><strong>hominis</strong></span> <span class='ocrx_word' id='word_1_194' title='bbox 945 2796 960 2851; x_wconf 90' lang='lat'>;</span> <span class='ocrx_word' id='word_1_195' title='bbox 1009 2793 1162 2837; x_wconf 91' lang='lat' dir='ltr'><strong>cum</strong></span> <span class='ocrx_word' id='word_1_196' title='bbox 1196 2784 1430 2835; x_wconf 88' lang='lat' dir='ltr'><strong>tamen</strong></span> <span class='ocrx_word' id='word_1_197' title='bbox 1465 2773 1925 2855; x_wconf 88' lang='lat' dir='ltr'><strong>unusquisque</strong></span> <span class='ocrx_word' id='word_1_198' title='bbox 1944 2772 2231 2854; x_wconf 89' lang='lat' dir='ltr'><strong>angelus</strong></span> <span class='ocrx_word' id='word_1_199' title='bbox 2256 2781 2461 2834; x_wconf 88' lang='lat' dir='ltr'><strong>natus</strong></span> <span class='ocrx_word' id='word_1_200' title='bbox 2492 2780 2599 2835; x_wconf 88' lang='lat' dir='ltr'><strong>est</strong></span> <span class='ocrx_word' id='word_1_201' title='bbox 2628 2769 2857 2843; x_wconf 88' lang='lat' dir='ltr'><strong>hom0,</strong></span> 
     </span>
     <span class='ocr_line' id='line_1_24' title="bbox 619 2866 2859 2949; baseline -0.002 -18"><span class='ocrx_word' id='word_1_202' title='bbox 619 2878 692 2931; x_wconf 87' lang='lat' dir='ltr'><strong>et</strong></span> <span class='ocrx_word' id='word_1_203' title='bbox 731 2871 1002 2932; x_wconf 88' lang='lat' dir='ltr'><strong>vixerat</strong></span> <span class='ocrx_word' id='word_1_204' title='bbox 1041 2868 1272 2941; x_wconf 89' lang='lat' dir='ltr'><strong>hom0,</strong></span> <span class='ocrx_word' id='word_1_205' title='bbox 1307 2888 1386 2931; x_wconf 89' lang='lat' dir='ltr'><strong>ac</strong></span> <span class='ocrx_word' id='word_1_206' title='bbox 1427 2878 1592 2932; x_wconf 89' lang='lat' dir='ltr'><strong>tunc</strong></span> <span class='ocrx_word' id='word_1_207' title='bbox 1631 2868 1760 2931; x_wconf 88' lang='lat' dir='ltr'><strong>sibi</strong></span> <span class='ocrx_word' id='word_1_208' title='bbox 1798 2886 1934 2930; x_wconf 92' lang='lat' dir='ltr'><strong>non</strong></span> <span class='ocrx_word' id='word_1_209' title='bbox 1974 2867 2126 2949; x_wconf 89' lang='lat' dir='ltr'><strong>plus</strong></span> <span class='ocrx_word' id='word_1_210' title='bbox 2164 2886 2403 2949; x_wconf 88' lang='lat' dir='ltr'><strong>sapere</strong></span> <span class='ocrx_word' id='word_1_211' title='bbox 2439 2884 2643 2949; x_wconf 89' lang='lat' dir='ltr'><strong>quam</strong></span> <span class='ocrx_word' id='word_1_212' title='bbox 2676 2866 2859 2928; x_wconf 86' lang='lat' dir='ltr'><strong>simi·</strong></span> 
     </span>
     <span class='ocr_line' id='line_1_25' title="bbox 619 2962 1546 3027; baseline -0.001 -2"><span class='ocrx_word' id='word_1_213' title='bbox 619 2962 704 3026; x_wconf 87' lang='lat' dir='ltr'><strong>lis</strong></span> <span class='ocrx_word' id='word_1_214' title='bbox 741 2963 914 3027; x_wconf 90' lang='lat' dir='ltr'><strong>alius</strong></span> <span class='ocrx_word' id='word_1_215' title='bbox 953 2962 1163 3025; x_wconf 91' lang='lat' dir='ltr'><strong>homo</strong></span> <span class='ocrx_word' id='word_1_216' title='bbox 1195 2964 1379 3025; x_wconf 89' lang='lat' dir='ltr'><strong>visus</strong></span> <span class='ocrx_word' id='word_1_217' title='bbox 1417 2971 1546 3026; x_wconf 88' lang='lat' dir='ltr'><strong>est.</strong></span> 
     </span>
    </p>

    <p class='ocr_par' dir='ltr' id='par_1_3' title="bbox 615 3053 2861 4659">
     <span class='ocr_line' id='line_1_26' title="bbox 744 3053 2857 3139; baseline -0.003 -16"><span class='ocrx_word' id='word_1_218' title='bbox 744 3070 934 3139; x_wconf 74' lang='grc'><strong>577.</strong></span> <span class='ocrx_word' id='word_1_219' title='bbox 995 3057 1075 3119; x_wconf 90' lang='lat' dir='ltr'><strong>In</strong></span> <span class='ocrx_word' id='word_1_220' title='bbox 1107 3056 1228 3119; x_wconf 90' lang='lat' dir='ltr'><strong>illo</strong></span> <span class='ocrx_word' id='word_1_221' title='bbox 1259 3057 1500 3139; x_wconf 83' lang='lat' dir='ltr'><strong>gradu,</strong></span> <span class='ocrx_word' id='word_1_222' title='bbox 1541 3058 1609 3119; x_wconf 90' lang='lat' dir='ltr'><strong>in</strong></span> <span class='ocrx_word' id='word_1_223' title='bbox 1649 3076 1785 3139; x_wconf 92' lang='lat' dir='ltr'><strong>quo</strong></span> <span class='ocrx_word' id='word_1_224' title='bbox 1822 3066 1931 3121; x_wconf 88' lang='lat' dir='ltr'><strong>est</strong></span> <span class='ocrx_word' id='word_1_225' title='bbox 1970 3056 2310 3138; x_wconf 87' lang='lat' dir='ltr'><strong>sapientia</strong></span> <span class='ocrx_word' id='word_1_226' title='bbox 2346 3066 2419 3119; x_wconf 88' lang='lat' dir='ltr'><strong>et</strong></span> <span class='ocrx_word' id='word_1_227' title='bbox 2466 3053 2857 3137; x_wconf 86' lang='lat' dir='ltr'><strong>intelligen-</strong></span> 
     </span>
     <span class='ocr_line' id='line_1_27' title="bbox 622 3150 2857 3233; baseline -0.001 -17"><span class='ocrx_word' id='word_1_228' title='bbox 622 3153 720 3216; x_wconf 89' lang='lat' dir='ltr'><strong>tia</strong></span> <span class='ocrx_word' id='word_1_229' title='bbox 755 3152 936 3233; x_wconf 91' lang='lat' dir='ltr'><strong>apud</strong></span> <span class='ocrx_word' id='word_1_230' title='bbox 977 3152 1287 3233; x_wconf 85' lang='lat' dir='ltr'><strong>angelos,</strong></span> <span class='ocrx_word' id='word_1_231' title='bbox 1323 3152 1388 3215; x_wconf 90' lang='lat' dir='ltr'><strong>in</strong></span> <span class='ocrx_word' id='word_1_232' title='bbox 1436 3170 1522 3215; x_wconf 92' lang='lat' dir='ltr'><strong>eo</strong></span> <span class='ocrx_word' id='word_1_233' title='bbox 1565 3154 1779 3215; x_wconf 87' lang='lat' dir='ltr'><strong>etiam</strong></span> <span class='ocrx_word' id='word_1_234' title='bbox 1818 3161 1927 3216; x_wconf 87' lang='lat' dir='ltr'><strong>est</strong></span> <span class='ocrx_word' id='word_1_235' title='bbox 1966 3151 2231 3215; x_wconf 89' lang='lat' dir='ltr'><strong>malitia</strong></span> <span class='ocrx_word' id='word_1_236' title='bbox 2265 3160 2337 3214; x_wconf 90' lang='lat' dir='ltr'><strong>et</strong></span> <span class='ocrx_word' id='word_1_237' title='bbox 2382 3152 2641 3214; x_wconf 86' lang='lat' dir='ltr'><strong>astutia</strong></span> <span class='ocrx_word' id='word_1_238' title='bbox 2678 3150 2857 3233; x_wconf 87' lang='lat' dir='ltr'><strong>apud</strong></span> 
     </span>
     <span class='ocr_line' id='line_1_28' title="bbox 619 3244 2859 3343; baseline -0 -34"><span class='ocrx_word' id='word_1_239' title='bbox 619 3246 899 3343; x_wconf 77' lang='lat' dir='ltr'><strong>spiritus</strong></span> <span class='ocrx_word' id='word_1_240' title='bbox 933 3244 1342 3309; x_wconf 83' lang='lat' dir='ltr'><strong>infernales·</strong></span> <span class='ocrx_word' id='word_1_241' title='bbox 1392 3246 1630 3309; x_wconf 88' lang='lat' dir='ltr'><strong>similis</strong></span> <span class='ocrx_word' id='word_1_242' title='bbox 1662 3245 1847 3310; x_wconf 87' lang='lat' dir='ltr'><strong>enim</strong></span> <span class='ocrx_word' id='word_1_243' title='bbox 1879 3267 1989 3310; x_wconf 89' lang='lat' dir='ltr'><strong>res</strong></span> <span class='ocrx_word' id='word_1_244' title='bbox 2026 3256 2178 3323; x_wconf 88' lang='lat' dir='ltr'><strong>est;</strong></span> <span class='ocrx_word' id='word_1_245' title='bbox 2226 3246 2548 3328; x_wconf 90' lang='lat' dir='ltr'><strong>quoniam</strong></span> <span class='ocrx_word' id='word_1_246' title='bbox 2582 3246 2859 3328; x_wconf 86' lang='lat' dir='ltr'><strong>spiritus</strong></span> 
     </span>
     <span class='ocr_line' id='line_1_29' title="bbox 619 3334 2857 3452; baseline -0.001 -48"><span class='ocrx_word' id='word_1_247' title='bbox 619 3334 938 3415; x_wconf 78' lang='lat' dir='ltr'><strong>hominis,</strong></span> <span class='ocrx_word' id='word_1_248' title='bbox 989 3360 1140 3403; x_wconf 90' lang='lat' dir='ltr'><strong>cum</strong></span> <span class='ocrx_word' id='word_1_249' title='bbox 1189 3338 1455 3403; x_wconf 89' lang='lat' dir='ltr'><strong>solutus</strong></span> <span class='ocrx_word' id='word_1_250' title='bbox 1500 3351 1609 3404; x_wconf 88' lang='lat' dir='ltr'><strong>est</strong></span> <span class='ocrx_word' id='word_1_251' title='bbox 1663 3360 1703 3403; x_wconf 91' lang='lat' dir='ltr'><strong>a</strong></span> <span class='ocrx_word' id='word_1_252' title='bbox 1764 3360 2069 3452; x_wconf 76' lang='lat' dir='ltr'><strong>corpore,</strong></span> <span class='ocrx_word' id='word_1_253' title='bbox 2116 3340 2184 3403; x_wconf 89' lang='lat' dir='ltr'><strong>in</strong></span> <span class='ocrx_word' id='word_1_254' title='bbox 2234 3359 2356 3402; x_wconf 89' lang='lat' dir='ltr'><strong>suo</strong></span> <span class='ocrx_word' id='word_1_255' title='bbox 2403 3340 2587 3403; x_wconf 89' lang='lat' dir='ltr'><strong>bono</strong></span> <span class='ocrx_word' id='word_1_256' title='bbox 2632 3348 2747 3403; x_wconf 88' lang='lat' dir='ltr'><strong>aut</strong></span> <span class='ocrx_word' id='word_1_257' title='bbox 2791 3339 2857 3402; x_wconf 85' lang='lat' dir='ltr'><strong>in</strong></span> 
     </span>
     <span class='ocr_line' id='line_1_30' title="bbox 620 3434 2857 3517; baseline -0.001 -17"><span class='ocrx_word' id='word_1_258' title='bbox 620 3456 744 3500; x_wconf 91' lang='lat' dir='ltr'><strong>suo</strong></span> <span class='ocrx_word' id='word_1_259' title='bbox 790 3434 976 3499; x_wconf 88' lang='lat' dir='ltr'><strong>malo</strong></span> <span class='ocrx_word' id='word_1_260' title='bbox 1016 3444 1166 3513; x_wconf 88' lang='lat' dir='ltr'><strong>est;</strong></span> <span class='ocrx_word' id='word_1_261' title='bbox 1221 3435 1496 3517; x_wconf 88' lang='lat' dir='ltr'><strong>spiritus</strong></span> <span class='ocrx_word' id='word_1_262' title='bbox 1533 3435 1887 3517; x_wconf 86' lang='lat' dir='ltr'><strong>angelicus</strong></span> <span class='ocrx_word' id='word_1_263' title='bbox 1934 3437 2001 3498; x_wconf 88' lang='lat' dir='ltr'><strong>in</strong></span> <span class='ocrx_word' id='word_1_264' title='bbox 2048 3456 2171 3498; x_wconf 88' lang='lat' dir='ltr'><strong>suo</strong></span> <span class='ocrx_word' id='word_1_265' title='bbox 2208 3436 2415 3509; x_wconf 93' lang='lat' dir='ltr'><strong>bono,</strong></span> <span class='ocrx_word' id='word_1_266' title='bbox 2455 3454 2533 3498; x_wconf 89' lang='lat' dir='ltr'><strong>ac</strong></span> <span class='ocrx_word' id='word_1_267' title='bbox 2582 3436 2857 3517; x_wconf 90' lang='lat' dir='ltr'><strong>spiritus</strong></span> 
     </span>
     <span class='ocr_line' id='line_1_31' title="bbox 619 3529 2855 3613; baseline -0.002 -16"><span class='ocrx_word' id='word_1_268' title='bbox 619 3530 966 3599; x_wconf 87' lang='lat' dir='ltr'><strong>infernalis</strong></span> <span class='ocrx_word' id='word_1_269' title='bbox 1004 3532 1072 3594; x_wconf 90' lang='lat' dir='ltr'><strong>in</strong></span> <span class='ocrx_word' id='word_1_270' title='bbox 1111 3552 1233 3595; x_wconf 89' lang='lat' dir='ltr'><strong>suo</strong></span> <span class='ocrx_word' id='word_1_271' title='bbox 1265 3530 1450 3595; x_wconf 89' lang='lat' dir='ltr'><strong>malo</strong></span> <span class='ocrx_word' id='word_1_272' title='bbox 1479 3552 1494 3608; x_wconf 89' lang='lat'>;</span> <span class='ocrx_word' id='word_1_273' title='bbox 1543 3550 1701 3596; x_wconf 88' lang='lat' dir='ltr'><strong>nam</strong></span> <span class='ocrx_word' id='word_1_274' title='bbox 1728 3531 2184 3613; x_wconf 90' lang='lat' dir='ltr'><strong>unusquisque</strong></span> <span class='ocrx_word' id='word_1_275' title='bbox 2218 3529 2493 3612; x_wconf 87' lang='lat' dir='ltr'><strong>spiritus</strong></span> <span class='ocrx_word' id='word_1_276' title='bbox 2524 3539 2632 3592; x_wconf 85' lang='lat' dir='ltr'><strong>est</strong></span> <span class='ocrx_word' id='word_1_277' title='bbox 2666 3549 2855 3593; x_wconf 90' lang='lat' dir='ltr'><strong>suum</strong></span> 
     </span>
     <span class='ocr_line' id='line_1_32' title="bbox 619 3622 2859 3709; baseline -0.001 -19"><span class='ocrx_word' id='word_1_278' title='bbox 619 3622 876 3691; x_wconf 90' lang='lat' dir='ltr'><strong>bonum</strong></span> <span class='ocrx_word' id='word_1_279' title='bbox 910 3626 1020 3690; x_wconf 86' lang='lat' dir='ltr'><strong>vel</strong></span> <span class='ocrx_word' id='word_1_280' title='bbox 1053 3646 1246 3689; x_wconf 90' lang='lat' dir='ltr'><strong>suum</strong></span> <span class='ocrx_word' id='word_1_281' title='bbox 1280 3624 1557 3701; x_wconf 89' lang='lat' dir='ltr'><strong>malum,</strong></span> <span class='ocrx_word' id='word_1_282' title='bbox 1591 3627 1747 3709; x_wconf 91' lang='lat' dir='ltr'><strong>quia</strong></span> <span class='ocrx_word' id='word_1_283' title='bbox 1778 3634 1885 3689; x_wconf 86' lang='lat' dir='ltr'><strong>est</strong></span> <span class='ocrx_word' id='word_1_284' title='bbox 1917 3646 2074 3687; x_wconf 87' lang='lat' dir='ltr'><strong>suus</strong></span> <span class='ocrx_word' id='word_1_285' title='bbox 2108 3644 2319 3699; x_wconf 89' lang='lat' dir='ltr'><strong>amor,</strong></span> <span class='ocrx_word' id='word_1_286' title='bbox 2358 3632 2557 3705; x_wconf 83' lang='lat' dir='ltr'><strong>prout</strong></span> <span class='ocrx_word' id='word_1_287' title='bbox 2590 3625 2859 3707; x_wconf 88' lang='lat' dir='ltr'><strong>saepius</strong></span> 
     </span>
     <span class='ocr_line' id='line_1_33' title="bbox 621 3716 2861 3808; baseline -0.002 -23"><span class='ocrx_word' id='word_1_288' title='bbox 621 3725 806 3808; x_wconf 86' lang='lat' dir='ltr'><strong>prius</strong></span> <span class='ocrx_word' id='word_1_289' title='bbox 844 3720 1102 3787; x_wconf 66' lang='lat' dir='ltr'><strong>dictum</strong></span> <span class='ocrx_word' id='word_1_290' title='bbox 1150 3730 1221 3785; x_wconf 86' lang='lat' dir='ltr'><strong>et</strong></span> <span class='ocrx_word' id='word_1_291' title='bbox 1267 3729 1623 3784; x_wconf 90' lang='lat' dir='ltr'><strong>ostensum</strong></span> <span class='ocrx_word' id='word_1_292' title='bbox 1669 3730 1798 3783; x_wconf 86' lang='lat' dir='ltr'><strong>est.</strong></span> <span class='ocrx_word' id='word_1_293' title='bbox 1890 3716 2332 3803; x_wconf 83' lang='lat' dir='ltr'><strong>Quapropter</strong></span> <span class='ocrx_word' id='word_1_294' title='bbox 2376 3721 2547 3782; x_wconf 87' lang='lat' dir='ltr'><strong>sicut</strong></span> <span class='ocrx_word' id='word_1_295' title='bbox 2586 3720 2861 3801; x_wconf 87' lang='lat' dir='ltr'><strong>spiritus</strong></span> 
     </span>
     <span class='ocr_line' id='line_1_34' title="bbox 623 3812 2860 3899; baseline -0.002 -18"><span class='ocrx_word' id='word_1_296' title='bbox 623 3816 980 3899; x_wconf 89' lang='lat' dir='ltr'><strong>angelicus</strong></span> <span class='ocrx_word' id='word_1_297' title='bbox 1024 3837 1116 3880; x_wconf 88' lang='lat' dir='ltr'><strong>ex</strong></span> <span class='ocrx_word' id='word_1_298' title='bbox 1163 3836 1286 3879; x_wconf 88' lang='lat' dir='ltr'><strong>suo</strong></span> <span class='ocrx_word' id='word_1_299' title='bbox 1323 3817 1508 3879; x_wconf 91' lang='lat' dir='ltr'><strong>bono</strong></span> <span class='ocrx_word' id='word_1_300' title='bbox 1547 3816 1837 3897; x_wconf 86' lang='lat' dir='ltr'><strong>cogitat,</strong></span> <span class='ocrx_word' id='word_1_301' title='bbox 1876 3815 2049 3889; x_wconf 88' lang='lat' dir='ltr'><strong>vult,</strong></span> <span class='ocrx_word' id='word_1_302' title='bbox 2092 3814 2391 3896; x_wconf 87' lang='lat' dir='ltr'><strong>loquitur</strong></span> <span class='ocrx_word' id='word_1_303' title='bbox 2434 3824 2507 3877; x_wconf 89' lang='lat' dir='ltr'><strong>et</strong></span> <span class='ocrx_word' id='word_1_304' title='bbox 2552 3812 2721 3894; x_wconf 85' lang='lat' dir='ltr'><strong>agit,</strong></span> <span class='ocrx_word' id='word_1_305' title='bbox 2762 3815 2860 3877; x_wconf 89' lang='lat' dir='ltr'><strong>ita</strong></span> 
     </span>
     <span class='ocr_line' id='line_1_35' title="bbox 620 3908 2855 3995; baseline -0.002 -21"><span class='ocrx_word' id='word_1_306' title='bbox 620 3912 897 3995; x_wconf 88' lang='lat' dir='ltr'><strong>spiritus</strong></span> <span class='ocrx_word' id='word_1_307' title='bbox 929 3909 1277 3974; x_wconf 82' lang='lat' dir='ltr'><strong>infernalis</strong></span> <span class='ocrx_word' id='word_1_308' title='bbox 1315 3930 1406 3974; x_wconf 88' lang='lat' dir='ltr'><strong>ex</strong></span> <span class='ocrx_word' id='word_1_309' title='bbox 1447 3930 1572 3973; x_wconf 89' lang='lat' dir='ltr'><strong>suo</strong></span> <span class='ocrx_word' id='word_1_310' title='bbox 1609 3908 1837 3985; x_wconf 88' lang='lat' dir='ltr'><strong>malo;</strong></span> <span class='ocrx_word' id='word_1_311' title='bbox 1885 3918 1958 3972; x_wconf 91' lang='lat' dir='ltr'><strong>et</strong></span> <span class='ocrx_word' id='word_1_312' title='bbox 1990 3930 2081 3972; x_wconf 88' lang='lat' dir='ltr'><strong>ex</strong></span> <span class='ocrx_word' id='word_1_313' title='bbox 2120 3908 2269 3992; x_wconf 85' lang='lat' dir='ltr'><strong>ipso</strong></span> <span class='ocrx_word' id='word_1_314' title='bbox 2308 3908 2492 3972; x_wconf 88' lang='lat' dir='ltr'><strong>malo</strong></span> <span class='ocrx_word' id='word_1_315' title='bbox 2524 3909 2855 3989; x_wconf 85' lang='lat' dir='ltr'><strong>cogitare,</strong></span> 
     </span>
     <span class='ocr_line' id='line_1_36' title="bbox 619 4000 2857 4088; baseline -0.002 -19"><span class='ocrx_word' id='word_1_316' title='bbox 619 4004 822 4079; x_wconf 85' lang='lat' dir='ltr'><strong>velle,</strong></span> <span class='ocrx_word' id='word_1_317' title='bbox 874 4005 1080 4088; x_wconf 92' lang='lat' dir='ltr'><strong>loqui,</strong></span> <span class='ocrx_word' id='word_1_318' title='bbox 1121 4016 1192 4069; x_wconf 89' lang='lat' dir='ltr'><strong>et</strong></span> <span class='ocrx_word' id='word_1_319' title='bbox 1239 4026 1470 4088; x_wconf 88' lang='lat' dir='ltr'><strong>agere,</strong></span> <span class='ocrx_word' id='word_1_320' title='bbox 1511 4014 1618 4068; x_wconf 80' lang='lat' dir='ltr'><strong>est</strong></span> <span class='ocrx_word' id='word_1_321' title='bbox 1667 4024 1757 4066; x_wconf 86' lang='lat' dir='ltr'><strong>ex</strong></span> <span class='ocrx_word' id='word_1_322' title='bbox 1804 4000 2066 4067; x_wconf 65' lang='lat' dir='ltr'><strong>cunctis</strong></span> <span class='ocrx_word' id='word_1_323' title='bbox 2112 4022 2285 4085; x_wconf 89' lang='lat' dir='ltr'><strong>quae</strong></span> <span class='ocrx_word' id='word_1_324' title='bbox 2332 4003 2397 4065; x_wconf 91' lang='lat' dir='ltr'><strong>in</strong></span> <span class='ocrx_word' id='word_1_325' title='bbox 2446 4001 2631 4065; x_wconf 88' lang='lat' dir='ltr'><strong>malo</strong></span> <span class='ocrx_word' id='word_1_326' title='bbox 2678 4011 2857 4065; x_wconf 89' lang='lat' dir='ltr'><strong>sunt.</strong></span> 
     </span>
     <span class='ocr_line' id='line_1_37' title="bbox 619 4096 2861 4183; baseline -0.002 -19"><span class='ocrx_word' id='word_1_327' title='bbox 619 4100 852 4164; x_wconf 89' lang='lat' dir='ltr'><strong>Aliter</strong></span> <span class='ocrx_word' id='word_1_328' title='bbox 887 4120 1041 4164; x_wconf 90' lang='lat' dir='ltr'><strong>cum</strong></span> <span class='ocrx_word' id='word_1_329' title='bbox 1081 4102 1146 4164; x_wconf 89' lang='lat' dir='ltr'><strong>in</strong></span> <span class='ocrx_word' id='word_1_330' title='bbox 1181 4119 1466 4183; x_wconf 87' lang='lat' dir='ltr'><strong>corpore</strong></span> <span class='ocrx_word' id='word_1_331' title='bbox 1489 4100 1708 4177; x_wconf 83' lang='lat' dir='ltr'><strong>vixit;</strong></span> <span class='ocrx_word' id='word_1_332' title='bbox 1757 4107 1919 4162; x_wconf 86' lang='lat' dir='ltr'><strong>tunc</strong></span> <span class='ocrx_word' id='word_1_333' title='bbox 1959 4098 2215 4161; x_wconf 88' lang='lat' dir='ltr'><strong>malum</strong></span> <span class='ocrx_word' id='word_1_334' title='bbox 2254 4098 2529 4180; x_wconf 88' lang='lat' dir='ltr'><strong>spiritus</strong></span> <span class='ocrx_word' id='word_1_335' title='bbox 2566 4096 2861 4160; x_wconf 89' lang='lat' dir='ltr'><strong>hominis</strong></span> 
     </span>
     <span class='ocr_line' id='line_1_38' title="bbox 617 4191 2857 4279; baseline -0.005 -15"><span class='ocrx_word' id='word_1_336' title='bbox 617 4194 794 4264; x_wconf 78' lang='lat' dir='ltr'><strong>suit</strong></span> <span class='ocrx_word' id='word_1_337' title='bbox 777 4216 846 4260; x_wconf 87' lang='lat' dir='ltr'><strong>m</strong></span> <span class='ocrx_word' id='word_1_338' title='bbox 876 4195 1188 4271; x_wconf 74' lang='lat' dir='ltr'><strong>vinculiS,</strong></span> <span class='ocrx_word' id='word_1_339' title='bbox 1223 4214 1397 4279; x_wconf 89' lang='lat' dir='ltr'><strong>quae</strong></span> <span class='ocrx_word' id='word_1_340' title='bbox 1430 4194 1787 4277; x_wconf 89' lang='lat' dir='ltr'><strong>unicuique</strong></span> <span class='ocrx_word' id='word_1_341' title='bbox 1820 4194 2075 4257; x_wconf 87' lang='lat' dir='ltr'><strong>homini</strong></span> <span class='ocrx_word' id='word_1_342' title='bbox 2107 4202 2265 4257; x_wconf 89' lang='lat' dir='ltr'><strong>sunt</strong></span> <span class='ocrx_word' id='word_1_343' title='bbox 2298 4214 2389 4257; x_wconf 86' lang='lat' dir='ltr'><strong>ex</strong></span> <span class='ocrx_word' id='word_1_344' title='bbox 2428 4191 2603 4273; x_wconf 87' lang='lat' dir='ltr'><strong>lege,</strong></span> <span class='ocrx_word' id='word_1_345' title='bbox 2631 4210 2721 4255; x_wconf 83' lang='lat' dir='ltr'><strong>ex</strong></span> <span class='ocrx_word' id='word_1_346' title='bbox 2756 4191 2857 4254; x_wconf 87' lang='lat' dir='ltr'><strong>lu·</strong></span> 
     </span>
     <span class='ocr_line' id='line_1_39' title="bbox 623 4284 2857 4382; baseline -0.003 -27"><span class='ocrx_word' id='word_1_347' title='bbox 623 4311 760 4363; x_wconf 92' lang='lat' dir='ltr'><strong>cro,</strong></span> <span class='ocrx_word' id='word_1_348' title='bbox 797 4312 889 4355; x_wconf 86' lang='lat' dir='ltr'><strong>ex</strong></span> <span class='ocrx_word' id='word_1_349' title='bbox 927 4290 1212 4365; x_wconf 87' lang='lat' dir='ltr'><strong>honore,</strong></span> <span class='ocrx_word' id='word_1_350' title='bbox 1248 4312 1338 4354; x_wconf 86' lang='lat' dir='ltr'><strong>ex</strong></span> <span class='ocrx_word' id='word_1_351' title='bbox 1377 4290 1578 4365; x_wconf 85' lang='lat' dir='ltr'><strong>fama,</strong></span> <span class='ocrx_word' id='word_1_352' title='bbox 1611 4300 1684 4353; x_wconf 89' lang='lat' dir='ltr'><strong>et</strong></span> <span class='ocrx_word' id='word_1_353' title='bbox 1720 4310 1811 4353; x_wconf 86' lang='lat' dir='ltr'><strong>ex</strong></span> <span class='ocrx_word' id='word_1_354' title='bbox 1848 4288 2209 4353; x_wconf 87' lang='lat' dir='ltr'><strong>timoribus</strong></span> <span class='ocrx_word' id='word_1_355' title='bbox 2238 4284 2544 4370; x_wconf 55' lang='lat' dir='ltr'><strong>jacturae</strong></span> <span class='ocrx_word' id='word_1_356' title='bbox 2583 4305 2857 4382; x_wconf 84' lang='lat' dir='ltr'><strong>eorum;</strong></span> 
     </span>
     <span class='ocr_line' id='line_1_40' title="bbox 615 4383 2857 4469; baseline -0.002 -20"><span class='ocrx_word' id='word_1_357' title='bbox 615 4394 1042 4469; x_wconf 84' lang='lat' dir='ltr'><strong>quapropter</strong></span> <span class='ocrx_word' id='word_1_358' title='bbox 1073 4385 1328 4449; x_wconf 88' lang='lat' dir='ltr'><strong>malum</strong></span> <span class='ocrx_word' id='word_1_359' title='bbox 1359 4386 1640 4467; x_wconf 85' lang='lat' dir='ltr'><strong>spiritus</strong></span> <span class='ocrx_word' id='word_1_360' title='bbox 1674 4383 1821 4466; x_wconf 87' lang='lat' dir='ltr'><strong>ejus</strong></span> <span class='ocrx_word' id='word_1_361' title='bbox 1845 4393 2011 4447; x_wconf 88' lang='lat' dir='ltr'><strong>tunc</strong></span> <span class='ocrx_word' id='word_1_362' title='bbox 2044 4402 2182 4447; x_wconf 90' lang='lat' dir='ltr'><strong>non</strong></span> <span class='ocrx_word' id='word_1_363' title='bbox 2220 4383 2447 4466; x_wconf 88' lang='lat' dir='ltr'><strong>potuit</strong></span> <span class='ocrx_word' id='word_1_364' title='bbox 2481 4401 2857 4465; x_wconf 88' lang='lat' dir='ltr'><strong>erumpere,</strong></span> 
     </span>
     <span class='ocr_line' id='line_1_41' title="bbox 623 4478 2858 4563; baseline -0.004 -16"><span class='ocrx_word' id='word_1_365' title='bbox 623 4502 702 4547; x_wconf 88' lang='lat' dir='ltr'><strong>ac</strong></span> <span class='ocrx_word' id='word_1_366' title='bbox 743 4502 816 4547; x_wconf 89' lang='lat' dir='ltr'><strong>se</strong></span> <span class='ocrx_word' id='word_1_367' title='bbox 851 4481 1288 4545; x_wconf 84' lang='lat' dir='ltr'><strong>manifestare</strong></span> <span class='ocrx_word' id='word_1_368' title='bbox 1325 4478 1574 4563; x_wconf 88' lang='lat' dir='ltr'><strong>quale</strong></span> <span class='ocrx_word' id='word_1_369' title='bbox 1559 4501 1622 4544; x_wconf 76' lang='lat' dir='ltr'><strong>in</strong></span> <span class='ocrx_word' id='word_1_370' title='bbox 1657 4502 1731 4545; x_wconf 93' lang='lat' dir='ltr'><strong>se</strong></span> <span class='ocrx_word' id='word_1_371' title='bbox 1777 4489 2011 4544; x_wconf 88' lang='lat' dir='ltr'><strong>esset.</strong></span> <span class='ocrx_word' id='word_1_372' title='bbox 2063 4488 2421 4563; x_wconf 86' lang='lat' dir='ltr'><strong>praeterea</strong></span> <span class='ocrx_word' id='word_1_373' title='bbox 2444 4478 2653 4541; x_wconf 88' lang='lat' dir='ltr'><strong>etiam</strong></span> <span class='ocrx_word' id='word_1_374' title='bbox 2692 4485 2858 4539; x_wconf 85' lang='lat' dir='ltr'><strong>tunc</strong></span> 
     </span>
     <span class='ocr_line' id='line_1_42' title="bbox 623 4570 2859 4659; baseline -0.003 -19"><span class='ocrx_word' id='word_1_375' title='bbox 623 4576 879 4640; x_wconf 89' lang='lat' dir='ltr'><strong>malum</strong></span> <span class='ocrx_word' id='word_1_376' title='bbox 912 4575 1186 4659; x_wconf 88' lang='lat' dir='ltr'><strong>spiritus</strong></span> <span class='ocrx_word' id='word_1_377' title='bbox 1210 4575 1510 4642; x_wconf 89' lang='lat' dir='ltr'><strong>hominis</strong></span> <span class='ocrx_word' id='word_1_378' title='bbox 1533 4574 2097 4641; x_wconf 89' lang='lat' dir='ltr'><strong>circumvelatum</strong></span> <span class='ocrx_word' id='word_1_379' title='bbox 2123 4582 2193 4640; x_wconf 84' lang='lat' dir='ltr'><strong>et</strong></span> <span class='ocrx_word' id='word_1_380' title='bbox 2223 4570 2625 4638; x_wconf 88' lang='lat' dir='ltr'><strong>obvolutum</strong></span> <span class='ocrx_word' id='word_1_381' title='bbox 2642 4570 2859 4654; x_wconf 87' lang='lat' dir='ltr'><strong>jacuit</strong></span> 
     </span>
    </p>
   </div>
  </div>
 </body>
</html>
