3371 5304
554 603 678 669 292
1192 602 1293 652 DE
1338 601 1593 653 CAELO
1638 602 1736 653 ET
1783 602 2149 655 INFERNO.

543 774 749 857 pitur‚
790 783 863 838 et
910 773 1329 856 evigilantur
1376 775 1447 841 in
1492 776 1894 840 memoriam
1941 776 2362 854 interiorem,
2403 784 2475 841 et
2519 796 2789 841 succes-

543 871 689 933 sive
726 871 886 934 dein
926 872 991 934 in
1030 873 1251 953 ipsam
1288 871 1702 953 angelicam.

669 964 880 1047 468.
940 964 1310 1047 Quomodo
1348 966 1690 1031 rationale
1728 976 1964 1049 potest
2012 966 2266 1043 excoli,
2307 968 2519 1031 etiam
2557 968 2791 1049 paucis

542 1059 832 1123 dicetur.
924 1058 1312 1125 Genuinum
1358 1060 1700 1127 rationale
1749 1064 2074 1127 consistit
2127 1082 2220 1125 ex
2277 1064 2480 1139 veris,
2531 1074 2605 1127 et
2650 1083 2790 1127 non

542 1174 633 1217 ex
676 1154 863 1218 falsis
892 1176 909 1234 ;
964 1156 1147 1238 quod
1194 1177 1287 1219 ex
1348 1156 1539 1220 salsis
1576 1176 1716 1221 non
1770 1167 1880 1221 est
1933 1157 2298 1222 rationale.
2389 1156 2577 1221 Vera
2628 1170 2789 1223 sunt

541 1249 828 1333 triplicis
848 1252 1118 1331 generis
1144 1272 1163 1329 ;
1208 1263 1369 1316 sunt
1402 1252 1647 1329 civilia,
1674 1252 1982 1329 moralia,
2011 1262 2084 1317 et
2115 1252 2514 1334 spiritualia.
2604 1251 2790 1319 Vera

540 1345 768 1409 civilia
805 1366 879 1409 se
915 1346 1217 1411 referunt
1252 1348 1341 1410 ad
1398 1347 1517 1411 illa
1554 1368 1728 1429 quae
1775 1346 2010 1430 judicii
2045 1358 2230 1423 sunt,
2269 1357 2342 1411 et
2396 1368 2569 1432 quae
2607 1350 2786 1431 regi·

541 1441 739 1503 minis
778 1441 848 1503 in
884 1444 1138 1524 regnis,
1177 1444 1245 1505 in
1285 1461 1538 1524 genere
1577 1443 1667 1506 ibi
1705 1443 1795 1506 ad
1823 1442 2080 1524 justum
2119 1455 2192 1508 et
2231 1463 2568 1527 aequum:
2626 1465 2788 1509 vera

540 1536 829 1601 moralia
887 1558 961 1601 se
1014 1537 1314 1603 referunt
1376 1539 1466 1602 ad
1527 1538 1646 1602 illa
1697 1557 1874 1620 quae
1919 1539 2106 1603 vitae
2154 1538 2444 1621 cujusvis
2487 1538 2788 1605 hominis

539 1642 721 1707 sunt,
761 1629 1140 1715 respective
1186 1634 1274 1697 ad
1322 1634 1700 1697 societates
1744 1642 1817 1696 et
1863 1634 2240 1709 consortia,
2278 1634 2348 1697 in
2385 1654 2640 1717 genere
2696 1636 2785 1699 ad

537 1729 883 1791 sincerum
919 1738 991 1791 et
1030 1726 1313 1805 rectum,
1354 1749 1434 1793 ac
1473 1730 1542 1791 in
1581 1730 1809 1811 specie
1849 1730 1936 1792 ad
1983 1732 2274 1793 virtutes
2313 1732 2535 1795 omnis
2571 1750 2785 1813 gene-

538 1824 669 1887 ris:
738 1834 815 1889 at
863 1844 1026 1887 vera
1062 1824 1446 1907 spiritualia
1483 1845 1557 1887 se
1604 1826 1906 1889 referunt
1967 1825 2054 1888 ad
2114 1824 2232 1887 illa
2269 1846 2443 1907 quae
2481 1827 2654 1891 caeli
2712 1837 2785 1892 et

538 1916 873 1984 ecclesiae
904 1930 1087 2007 sunt,
1121 1921 1189 1983 in
1226 1940 1483 2002 genere
1521 1921 1608 1983 ad
1647 1920 1906 1983 bonum
1939 1920 2125 2003 quod
2157 1921 2409 1983 amoris
2440 1931 2512 1985 et
2547 1940 2784 1987 verum

537 2015 721 2097 quod
780 2012 958 2078 fidei.
1048 2012 1222 2079 Sunt
1282 2024 1425 2079 tres
1484 2015 1741 2097 gradus
1791 2016 1978 2079 vitae
2033 2015 2214 2097 apud
2260 2018 2784 2098 unumquemvis

538 2108 893 2173 hominem
936 2109 1284 2192 (videatur
1320 2131 1545 2193 supra,
1586 2130 1651 2173 n.
1699 2109 1900 2193 267):
1959 2108 2299 2175 rationale
2344 2111 2432 2173 ad
2493 2113 2783 2195 primum

537 2205 825 2285 gradum
874 2206 1176 2287 aperitur
1222 2225 1342 2287 per
1386 2225 1550 2268 vera
1597 2205 1822 2270 civilia
1849 2226 1902 2283 ;.
1932 2204 2021 2269 ad
2074 2205 2447 2269 secundum
2493 2209 2782 2289 gradum

536 2318 659 2379 per
685 2320 850 2363 vera
882 2300 1205 2378 moralia;
1254 2309 1326 2364 et
1362 2301 1451 2364 ad
1486 2296 1768 2364 tertium
1798 2299 2087 2382 gradum
2121 2320 2240 2382 per
2270 2321 2434 2364 vera
2463 2301 2782 2385 spiritua-

537 2394 646 2457 lia.
736 2394 841 2459 At
888 2396 1265 2471 sciendum,
1305 2396 1487 2477 quod
1536 2395 1875 2458 rationale
1935 2416 2026 2459 ex
2084 2394 2219 2458 illis
2278 2415 2417 2458 non
2455 2394 2783 2461 formetur

537 2509 616 2553 ac
655 2492 1003 2573 aperiatur
1040 2510 1159 2573 per
1196 2491 1264 2554 id
1303 2490 1487 2572 quod
1525 2490 1736 2554 homo
1767 2491 1944 2555 sciat
1983 2489 2120 2568 illa,
2163 2492 2284 2554 sed
2333 2512 2454 2575 per
2489 2492 2556 2555 id
2597 2494 2784 2576 quod

534 2585 745 2649 homo
790 2588 981 2651 vivat
1027 2586 1401 2650 secundum
1448 2586 1614 2664 illa;
1674 2594 1749 2651 et
1794 2606 1917 2670 per
1961 2587 2191 2651 vivere
2236 2586 2615 2651 secundum
2662 2588 2781 2654 illa

532 2681 946 2764 intelligitur
976 2702 1205 2745 amare
1237 2679 1355 2744 illa
1392 2703 1483 2746 ex
1521 2680 1882 2747 affetstione
1913 2682 2266 2765 spirituali,
2302 2691 2372 2746 et
2400 2703 2630 2747 amare
2663 2684 2782 2748 illa

532 2795 623 2839 ex
669 2773 1030 2840 affectione
1068 2773 1406 2858 spirituali
1453 2785 1558 2839 est
1606 2794 1840 2838 amare
1868 2773 2129 2856 justum
2176 2785 2247 2839 et
2294 2795 2584 2860 aequum
2623 2779 2783 2860 quia

530 2877 638 2932 est
676 2867 935 2949 justum
982 2879 1055 2932 et
1102 2887 1412 2952 aequum,
1462 2870 1800 2948 sincerum
1847 2878 1919 2933 et
1965 2865 2226 2934 testum
2273 2871 2431 2952 quia
2478 2879 2586 2934 est
2635 2873 2776 2934 sin-

532 2982 762 3027 cerum
824 2973 895 3028 et
957 2961 1239 3040 rectum,
1294 2984 1374 3026 ac
1429 2963 1684 3026 bonum
1740 2972 1814 3027 et
1867 2982 2102 3026 verum
2157 2964 2315 3047 quia
2367 2973 2472 3027 est
2523 2965 2776 3030 bonum

530 3067 601 3122 et
629 3079 863 3123 verum
892 3081 908 3138 ;
949 3067 1021 3122 at
1046 3059 1274 3123 vivere
1296 3059 1670 3122 secundum
1696 3058 1814 3122 illa
1839 3069 1911 3122 et
1943 3077 2173 3122 amare
2207 3058 2326 3122 illa
2351 3081 2441 3122 ex
2472 3057 2776 3124 affectio-

533 3174 618 3218 ne
649 3174 1001 3238 corporea‚
1030 3164 1137 3217 est
1170 3172 1400 3218 amare
1432 3154 1551 3217 illa
1577 3164 1861 3236 propter
1889 3174 1987 3230 se,
2015 3154 2116 3216 sui
2140 3152 2414 3230 samam,
2441 3153 2777 3218 honorem

529 3259 648 3313 aut
669 3247 929 3312 lucrum
958 3270 971 3312 :
1014 3261 1433 3333 quapropter
1453 3259 1785 3332 quantum
1807 3248 2018 3313 homo
2039 3269 2130 3311 ex
2151 3245 2507 3313 affectione
2527 3269 2774 3332 corpo·

528 3365 647 3408 rea
670 3353 859 3408 amat
886 3341 1005 3406 illa
1030 3364 1208 3418 vera,
1235 3351 1508 3407 tantum
1543 3362 1678 3406 non
1708 3341 2060 3408 rationalis
2091 3340 2191 3418 fit,
2221 3363 2358 3406 non
2385 3345 2564 3407 enim
2590 3353 2776 3409 amat

527 3439 668 3513 illa,
709 3439 831 3502 sed
870 3448 1113 3514 semet,
1148 3440 1255 3502 cui
1299 3460 1463 3502 vera
1499 3439 1806 3501 serviunt
1845 3439 2020 3502 sicut
2057 3437 2292 3501 famuli
2329 3439 2651 3517 domino;
2699 3449 2772 3504 et

526 3554 682 3600 cum
717 3555 878 3597 vera
910 3534 1082 3598 fiunt
1107 3534 1407 3610 servitia,
1437 3543 1601 3598 tunc
1638 3553 1774 3597 non
1801 3533 2064 3599 intrant
2095 3533 2468 3608 hominem,
2495 3553 2575 3598 ac
2608 3555 2771 3618 ape-

526 3632 710 3694 riunt
748 3630 1044 3713 aliquem
1082 3632 1368 3712 gradum
1415 3630 1599 3692 vitae
1645 3628 1810 3709 ejus,
1850 3648 1940 3692 ne
1984 3628 2258 3711 quidem
2297 3630 2608 3710 primum,
2648 3629 2772 3693 sed

529 3725 736 3787 modo
769 3724 1073 3788 resident
1109 3723 1177 3786 in
1218 3723 1566 3797 memoria,
1602 3733 1677 3786 ut
1718 3721 2096 3786 scientifica
2133 3721 2260 3784 sub
2295 3722 2511 3785 forma
2545 3732 2769 3787 mate·

526 3818 698 3894 riali,
746 3838 827 3882 ac
873 3818 965 3882 ibi
1012 3839 1085 3882 se
1130 3817 1552 3900 conjungunt
1602 3835 1755 3879 cum
1805 3836 2038 3880 amore
2085 3817 2208 3888 sui,
2253 3817 2365 3898 qui
2423 3825 2529 3879 est
2576 3835 2772 3880 amor

527 3933 917 3996 corporeus.
1010 3913 1123 3976 Ex
1181 3912 1289 3975 his
1344 3920 1665 3976 constare
1713 3921 1974 3994 potest,
2022 3911 2369 3993 quomodo
2419 3909 2632 3975 homo
2689 3910 2766 3975 fit

525 4009 929 4088 rationalis;
990 4007 1171 4091 quod
1210 4027 1459 4089 nempe
1506 4007 1592 4070 ad
1640 4007 1921 4071 tertium
1961 4007 2249 4088 gradum
2297 4025 2418 4086 per
2460 4025 2768 4070 amorem

525 4103 949 4187 spiritualem
988 4103 1151 4167 boni
1196 4112 1270 4167 et
1314 4103 1477 4176 veri,
1519 4123 1696 4184 quae
1734 4111 1894 4165 sunt
1931 4101 2107 4164 caeli
2143 4109 2216 4164 et
2255 4101 2632 4178 ecclesiae;
2678 4102 2766 4164 ad

526 4200 902 4263 secundum
929 4199 1216 4282 gradum
1251 4218 1372 4281 per
1388 4215 1693 4261 amorem
1721 4197 1967 4261 sinceri
1995 4206 2068 4261 et
2102 4193 2268 4259 refti
2295 4217 2312 4274 ;
2360 4207 2432 4259 et
2463 4196 2648 4278 quod
2676 4195 2767 4260 ad

526 4295 816 4376 primum
849 4294 1135 4376 gradum
1164 4313 1288 4376 per
1318 4311 1620 4356 amorem
1647 4291 1813 4373 justi
1851 4301 1924 4356 et
1963 4291 2159 4374 aequi
2189 4312 2206 4368 ς
2253 4291 2365 4373 qui
2401 4290 2542 4354 bini
2574 4310 2766 4355 amo·

523 4409 633 4453 res
664 4391 878 4453 etiam
909 4387 1081 4451 fiunt
1112 4388 1502 4470 spirituales
1534 4407 1626 4450 ex
1664 4405 1897 4450 amore
1928 4385 2260 4469 spirituali
2290 4385 2454 4450 boni
2489 4394 2564 4451 et
2600 4385 2766 4460 veri.

523 4485 681 4568 quia
719 4485 829 4548 hic
876 4483 1092 4548 influit
1138 4485 1205 4547 in
1252 4483 1432 4558 illos,
1471 4491 1543 4546 et
1602 4503 1675 4546 se
1723 4479 2080 4564 conjungit
2125 4481 2246 4556 eiS,
2287 4491 2359 4546 et
2403 4481 2652 4546 format
2699 4482 2764 4546 in

525 4582 603 4644 iis
648 4583 823 4645 sicut
859 4599 1017 4644 suas
1052 4577 1279 4643 facies.
