3371 5304
383 560 410 591 0

584 612 713 675 260
1224 626 1325 676 DE
1348 624 1628 685 ,CAELo
1678 624 1776 677 ΕΤ
1823 626 2191 678 mmmm.

583 796 1027 867 inconspicuae‚
1054 812 1193 851 nam
1220 797 1461 881 satelles
1490 814 1696 853 coram
1727 798 1893 852 nudo
1917 798 2102 853 oculo
2123 814 2302 881 aegre
2323 808 2592 869 apparet.
2665 796 2828 871 Quid

580 868 699 923 hoc
732 884 841 938 pro
872 866 1156 923 Creatore
1185 869 1465 930 universi,
1498 870 1596 923 cui
1628 884 1750 923 non
1785 870 1931 925 satis
1961 880 2140 931 esset.
2169 886 2220 925 si
2251 880 2452 925 totum
2483 871 2830 927 universum

578 938 738 993 foret
782 939 1136 1023 impletum?
1182 950 1278 994 est
1308 938 1800 1025 en³¹¹¹‚⁵¹.²fi¹.¹lt‘.¹³·
1875 940 1968 1023 De
2011 941 2106 995 his
2141 956 2280 995 cum
2317 942 2550 1023 angelis
2589 942 2830 1025 looetus

579 1010 2832 1153 {man‘issesssss‘aaesskdqffssn{litteizmekizzsssiassbiifflssa‘tsszui‘gsffl

578 1152 663 1205 illi
688 1168 807 1206 non
829 1168 904 1206 ex
922 1151 1148 1223 spatiis»,
1166 1153 1271 1207 sed
1294 1166 1367 1205 ex
1386 1152 1643 1207 statibus
1662 1153 1967 1223 cogitent:
1997 1162 2060 1207 et
2077 1152 2240 1224 quod
2261 1154 2590 1207 secundum
2617 1170 2828 1209 eorum

578 1223 775 1277 ideam
801 1223 1047 1279 tellures
1072 1238 1326 1278 numero
1344 1232 1439 1277 tot
1464 1238 1522 1275 m
1602 1224 1801 1278 'adum
1821 1234 1974 1293 quot
1998 1239 2252 1294 usquam
2277 1223 2546 1295 cogitare
2565 1236 2828 1296 possent.

577 1310 769 1365 usque
795 1310 1040 1366 prorsus
1064 1294 1215 1349 nihil
1241 1293 1442 1349 forent
1566 1293 1950 1350 Dominum.”

576 1472 685 1537 De
722 1472 1111 1537 Telluribus
1170 1473 1239 1537 in
1292 1470 1661 1547 Universo,
1709 1483 1783 1537 et
1843 1472 1931 1537 de
1977 1492 2209 1536 earum
2247 1472 2504 1537 Incolis
2549 1482 2622 1539 et
2669 1472 2826 1538 inde

575 1568 939 1653 Spiritibus
961 1580 1031 1635 et
1057 1568 1377 1652 Angelis,
1395 1571 1712 1634 videatur
1735 1572 1801 1632 in
1827 1568 2219 1653 supradicto
2239 1571 2590 1652 opusculo.
2672 1571 2822 1647 Illa,

572 1689 749 1751 quae
788 1668 879 1733 ibi
916 1678 1100 1743 sunt,
1142 1668 1304 1733 mihi
1342 1667 1653 1731 revelata
1700 1678 1772 1731 et
1819 1678 2102 1732 ostensa
2139 1678 2325 1745 sunt,
2366 1668 2458 1731 ob
2495 1667 2700 1732 finem
2747 1678 2823 1733 ut

572 1767 830 1830 sciatur
854 1768 1037 1849 quod
1070 1766 1337 1830 caelum
1366 1765 1644 1830 Domini
1681 1766 2088 1829 immensum
2121 1766 2236 1841 sit,
2271 1776 2343 1831 et
2375 1766 2560 1848 quod
2594 1776 2823 1831 totum

572 1867 664 1930 sit
710 1886 801 1928 ex
839 1865 1141 1928 humano
1174 1884 1428 1945 genere
1458 1884 1474 1941 ;
1537 1873 1684 1926 tum
1724 1863 1907 1947 quod
1958 1863 2294 1928 Dominus
2331 1874 2569 1927 noster
2603 1866 2824 1929 ubivis

572 1975 995 2045 agnoscatur
1034 1982 1155 2045 pro
1195 1960 1348 2025 Deo
1387 1960 1561 2025 caeli
1600 1972 1671 2026 et
1710 1971 1959 2025 terrae.

698 2061 896 2144 418.
958 2058 1161 2141 Quod
1195 2059 1461 2123 caelum
1498 2058 1776 2122 Domini
1813 2060 2222 2123 immensum
2261 2058 2374 2134 sit,
2407 2058 2620 2123 etiam
2651 2080 2819 2123 con-

571 2170 757 2223 stare
789 2168 1030 2241 potest
1069 2178 1160 2221 ex
1196 2178 1305 2232 eo,
1340 2157 1524 2239 quod
1564 2156 1832 2219 caelum
1870 2158 1938 2219 in
1976 2165 2134 2221 toto
2166 2156 2542 2238 complexu
2569 2157 2820 2221 reserat

570 2275 780 2319 unum
842 2255 1239 2327 Hominem,
1300 2264 1374 2319 et
1437 2275 1709 2338 quoque
1769 2255 2313 2336 correspondeat
2373 2255 2689 2320 omnibus
2747 2264 2819 2321 et

569 2354 858 2435 singulis
892 2354 1070 2435 apud
1104 2353 1453 2415 hominem
1480 2374 1496 2430 ;
1542 2362 1616 2415 et
1648 2353 1833 2435 quod
1863 2352 1984 2416 illa
2013 2353 2626 2435 cot-respondentia
2659 2374 2819 2417 nus-

567 2472 776 2534 quam
816 2451 1082 2533 impleri
1120 2452 1365 2533 possit,
1405 2450 1728 2533 quoniam
1769 2469 1908 2514 non
1955 2450 2165 2514 modo
2203 2452 2819 2532 cot-respondentia

568 2561 677 2614 est
736 2570 893 2613 cum
940 2550 1228 2629 singulis
1266 2548 1609 2623 membris,
1650 2548 1950 2629 organiS,
1989 2558 2062 2613 et
2105 2548 2478 2613 visceribus
2515 2550 2819 2631 corporis

567 2650 635 2712 in
675 2668 954 2730 genere,
989 2647 1111 2710 sed
1149 2647 1359 2710 etiam
1396 2646 1467 2710 in
1507 2646 1902 2730 particulari
1937 2656 2010 2710 et
2049 2646 2377 2728 singulari
2409 2667 2564 2711 cum
2597 2649 2814 2712 omni·

566 2746 695 2810 bus
720 2757 795 2810 et
827 2745 1113 2827 singulis
1138 2745 1490 2810 visceralis
1520 2753 1593 2808 et
1626 2743 1999 2828 organuliS,
2027 2765 2205 2828 quae
2227 2745 2408 2809 intra
2437 2744 2578 2820 illa,
2607 2745 2816 2810 immo

568 2864 725 2908 cum
763 2843 1053 2924 singulis
1096 2845 1279 2906 vasis
1326 2852 1399 2907 et
1447 2842 1675 2921 fibris3
1737 2853 1809 2906 et
1857 2863 1996 2906 non
2043 2842 2252 2905 modo
2296 2862 2452 2907 cum
2499 2841 2653 2919 illis,
2693 2843 2816 2908 sed

568 2945 781 3006 etiam
844 2961 995 3004 cum
1054 2941 1459 3005 substantiis
1505 2943 1875 3022 organiciS,
1923 2960 2098 3024 quae
2143 2941 2430 3004 interius
2477 2941 2814 3024 recipiunt

566 3041 899 3103 influxum
943 3039 1137 3113 caeli,
1178 3040 1357 3103 unde
1396 3038 1656 3103 homini
1695 3035 2092 3104 activitates
2128 3038 2491 3103 interiores
2529 3039 2812 3102 inservi-

564 3148 767 3201 entes
814 3137 955 3220 ejus
1003 3137 1208 3200 animi
1246 3137 1803 3218 operationibus-»3
1863 3154 2022 3198 nam
2060 3136 2380 3220 quicquid
2417 3137 2699 3200 interius
2744 3137 2814 3199 in

565 3233 844 3297 homine
890 3233 1158 3308 existit,
1206 3233 1275 3296 in
1328 3234 1560 3296 formis
1613 3252 1787 3315 quae
1835 3241 1994 3295 sunt
2041 3232 2496 3309 substantiae,
2543 3234 2810 3304 existit,

565 3331 749 3414 quod
782 3332 963 3394 enim
998 3351 1134 3394 non
1171 3332 1239 3393 in
1273 3331 1681 3395 substantiis
1714 3339 1792 3394 ut
1827 3327 2150 3410 subjectis
2181 3331 2450 3405 existit,
2479 3331 2646 3394 nihil
2683 3340 2812 3394 est.

566 3427 889 3494 Omnium
938 3427 1181 3493 horum
1228 3428 1848 3511 correspondentia
1893 3437 2000 3492 est
2047 3447 2201 3490 cum
2249 3428 2469 3502 caelo,
2517 3437 2593 3490 ut
2647 3447 2812 3490 con-

566 3537 757 3590 stare
795 3536 1033 3609 potest
1073 3548 1162 3590 ex
1200 3527 1495 3591 articulo
1540 3525 1654 3590 ubi
1702 3527 1790 3590 de
1837 3524 2470 3608 Cot-respondentia
2506 3528 2809 3591 omnium

564 3623 757 3691 Caeli
793 3643 947 3688 cum
981 3625 1296 3688 omnibus
1326 3625 1623 3689 hominis
1658 3623 1755 3708 (n.
1793 3621 2099 3706 87-102,)
2133 3619 2359 3687 actum
2389 3633 2524 3687 est.
2615 3623 2809 3689 Haec

564 3722 1179 3805 correspondentia
1216 3741 1551 3805 nusquam
1590 3719 1856 3804 impleri
1903 3731 2160 3804 potest,
2203 3722 2358 3803 quia
2403 3741 2538 3804 quo
2583 3721 2812 3803 plures

563 3820 1123 3884 consociationes
1177 3821 1537 3902 angelicae
1591 3829 1752 3884 sunt
1805 3840 1980 3901 quae
2039 3821 2153 3883 uni
2211 3819 2523 3882 membro
2581 3838 2808 3883 corre-

564 3919 935 4002 spondent,
986 3938 1069 3982 eo
1128 3915 1491 3999 perfectius
1540 3916 1615 3981 fit
1662 3917 1978 3995 caelum;
2049 3917 2301 3980 crescit
2355 3919 2538 3980 enim
2587 3919 2810 3980 omnis

564 4013 893 4099 perfectio
952 4017 1019 4079 in
1083 4015 1293 4080 caelis
1338 4017 1718 4080 secundum
1767 4015 2262 4097 pluralitatem.
2353 4011 2580 4078 Causa
2625 4013 2806 4098 quod

563 4111 895 4197 perfectio
954 4113 1019 4175 in
1080 4111 1293 4177 caelis
1351 4122 1621 4177 crescat
1682 4113 2061 4177 secundum
2122 4109 2617 4194 pluralitatem,
2678 4121 2806 4184 est,

562 4211 719 4294 quia
755 4210 846 4273 ibi
884 4219 992 4273 est
1030 4230 1201 4272 unus
1240 4209 1387 4273 finis
1426 4211 1754 4284 omnium,
1790 4229 1868 4272 ac
1903 4209 2264 4272 unanimus
2303 4206 2622 4290 aspectus
2659 4226 2805 4270 om-

562 4308 749 4372 nium
778 4309 867 4372 ad
902 4307 1095 4370 illum
1127 4305 1369 4370 finem:
1418 4305 1715 4372 hic·finis
1746 4316 1856 4372 est
1889 4326 2254 4371 commune
2280 4305 2577 4383 bonum3
2627 4303 2807 4386 quod

561 4423 715 4469 cum
763 4415 1035 4488 regnat,
1077 4405 1288 4468 etiam
1336 4425 1375 4468 a
1420 4405 1766 4468 communi
1814 4405 2000 4468 bono
2045 4413 2154 4468 est
2201 4404 2458 4467 bonum
2497 4399 2806 4484 singulis,

560 4514 633 4568 et
678 4523 721 4566 a
764 4503 1190 4585 singulorum
1229 4503 1427 4567 bonis
1465 4514 1571 4567 est
1612 4503 1868 4567 bonum
1907 4503 2296 4578 communi;
2351 4501 2486 4564 hoc
2531 4498 2606 4562 fit
2651 4500 2804 4583 quia

562 4601 903 4666 Dominus
941 4620 1185 4665 omnes
1222 4602 1289 4665 in
1330 4601 1525 4674 caelo
1562 4602 1650 4666 ad
1699 4599 1787 4666 Se
1833 4602 2046 4664 vertit
2089 4599 2436 4679 (videatur
2472 4617 2698 4680 supra,
2739 4615 2803 4660 n.
