3371 5304
553 601 638 668 62
1201 615 1304 667 DE
1349 615 1604 667 cmm
1643 615 1740 666 ET
1787 615 2151 668 mmmm.

683 801 836 868 99·
895 783 1032 850 Sed
1081 787 1366 850 tametsi
1403 786 1637 850 omnia
1679 786 1979 851 hominis
2024 787 2251 871 quoad
2290 805 2541 871 corpus
2578 807 2802 854 corre·

556 881 906 964 spondent
931 882 1246 946 omnibus
1279 880 1473 956 caeli,
1502 903 1715 966 usque
1746 891 1983 946 tamen
2016 882 2228 946 homo
2260 903 2397 947 non
2430 893 2541 946 est
2570 884 2801 966 imago

554 975 728 1040 caeli
773 977 1000 1058 quoad
1041 986 1404 1041 externam
1449 977 1765 1052 formam,
1807 978 1929 1043 sed
1976 979 2202 1061 quoad
2248 978 2637 1057 internam3
2698 981 2803 1042 in·

553 1071 808 1134 teriora
851 1072 1036 1134 enim
1081 1069 1378 1134 hominis
1425 1071 1763 1154 recipiunt
1804 1059 2097 1148 caelum,
2144 1083 2219 1136 et
2264 1075 2617 1138 exteriora
2660 1073 2803 1155 ejus

552 1166 890 1248 recipiunt
929 1168 1296 1244 mundum;
1345 1176 1681 1249 quantum
1720 1167 1954 1249 itaque
2000 1169 2326 1232 interiora
2370 1168 2512 1250 ejus
2558 1169 2803 1250 recipi·

551 1269 677 1324 unt
709 1260 1001 1335 caelum,
1027 1270 1303 1325 tantum
1329 1261 1539 1325 homo
1565 1262 1795 1344 quoad
1828 1261 1947 1325 illa
1976 1273 2086 1327 est
2118 1262 2386 1326 caelum
2420 1264 2490 1326 in
2520 1263 2803 1327 minima

550 1355 770 1418 forma
821 1357 910 1418 ad
969 1357 1341 1437 imaginem
1396 1357 1722 1435 maximi3
1796 1367 2131 1440 quantum
2188 1367 2419 1420 autem
2476 1358 2803 1422 interiora

550 1449 694 1530 ejus
726 1469 864 1513 non
896 1452 1255 1532 recipiunt,
1285 1459 1560 1515 tantum
1593 1471 1735 1515 non
1766 1462 1876 1516 est
1909 1452 2175 1516 caelum
2208 1460 2283 1516 et
2312 1453 2545 1532 imago
2578 1452 2801 1514 maxi-

549 1547 684 1622 mi;
731 1545 1080 1609 exteriora
1113 1553 1348 1610 tamen
1389 1565 1622 1629 usque,
1662 1567 1837 1630 quae
1874 1548 2211 1628 recipiunt
2249 1549 2599 1622 mundum,
2640 1567 2801 1628 pos-

549 1649 710 1704 sunt
756 1661 908 1705 esse
955 1641 1022 1704 in
1067 1640 1288 1704 forma
1332 1641 1711 1704 secundum
1750 1641 2061 1704 ordinem
2108 1643 2366 1718 mundi,
2406 1652 2477 1705 et
2524 1642 2683 1705 inde
2728 1642 2800 1705 in

549 1735 737 1798 varia
774 1734 1322 1817 pulchritudine;
1371 1735 1811 1818 pulchritudo
1848 1737 2028 1800 enim
2070 1746 2386 1809 externa,
2425 1757 2601 1818 quae
2644 1755 2798 1800 cor·

551 1829 757 1912 poriS,
805 1830 996 1893 ducit
1043 1849 1322 1894 causam
1377 1849 1470 1894 ex
1529 1832 1952 1912 parentibus,
1998 1841 2073 1894 et
2131 1853 2224 1894 ex
2270 1831 2684 1895 formatione
2728 1833 2801 1894 in

550 1933 771 1998 utero,
832 1932 905 1988 et
965 1924 1123 1986 dein
1185 1935 1634 1988 conservatur
1692 1945 1813 2007 per
1872 1925 2197 1989 influxum
2263 1943 2699 1990 communem
2746 1947 2798 2004 ⁴e

549 2018 842 2082 mundo:
893 2020 1052 2082 inde
1077 2028 1208 2093 est,
1237 2020 1418 2100 quod
1453 2019 1667 2084 forma
1694 2020 2030 2084 naturalis
2055 2020 2352 2084 hominis
2376 2020 2579 2083 valde
2604 2019 2801 2084 diffe-

548 2122 655 2178 rat
692 2134 734 2178 a
768 2113 986 2178 forma
1021 2112 1394 2194 spiritualis
1430 2110 1576 2194 ejus
1611 2113 1928 2178 hominis.
2016 2114 2409 2197 Aliquoties
2440 2126 2799 2179 ostensum

549 2218 676 2284 est,
711 2207 932 2291 qualis
969 2209 1038 2271 in
1077 2207 1295 2271 forma
1332 2218 1519 2272 esset
1551 2209 1833 2292 spiritus
1869 2209 2189 2284 hominis,
2222 2220 2295 2273 et
2334 2211 2577 2282 visum,
2612 2209 2799 2292 quod

548 2305 615 2368 in
654 2303 992 2388 aliquibus
1029 2302 1334 2386 pulchris
1369 2313 1442 2368 et
1488 2305 1799 2368 venustis
1836 2303 2028 2377 facie,
2070 2305 2189 2368 ille
2228 2315 2413 2368 esset
2452 2304 2796 2380 deformis,

549 2399 764 2481 niger,
800 2409 872 2463 et
911 2407 1369 2473 monstrosus,
1398 2408 1472 2462 ut
1505 2401 1877 2481 imaginem
1908 2400 2151 2464 inferni
2184 2419 2321 2462 non
2356 2400 2529 2463 caeli
2560 2401 2751 2464 dicas
2780 2421 2797 2478 ;

547 2498 616 2560 in
651 2495 1063 2579 quibusdam
1097 2503 1331 2557 autem
1364 2513 1503 2558 non
1537 2493 1861 2576 pulchris,
1894 2496 2078 2578 quod
2114 2496 2175 2558 is
2209 2504 2398 2559 esset
2438 2493 2797 2572 formosus,

547 2591 902 2666 candidus„
937 2599 1008 2654 et
1049 2587 1447 2671 angelicus:
1497 2589 1661 2654 talis
1698 2591 1909 2654 etiam
1940 2600 2230 2673 apparet
2269 2590 2543 2673 spiritus
2572 2590 2797 2656 homi·

547 2687 652 2749 nis
684 2695 844 2770 post
876 2694 1198 2761 mortem,
1223 2685 1443 2768 qualis
1474 2684 1696 2749 fuerat
1734 2686 1801 2748 in
1840 2705 2152 2768 corpore,
2178 2706 2335 2750 cum
2366 2688 2435 2749 in
2466 2685 2589 2750 illo
2619 2686 2797 2750 vixit

547 2782 614 2845 in
654 2781 932 2844 mundo,
1223 2784 1229 2790 “

676 2891 880 2941 100·
940 2874 1077 2940 Sed
1125 2874 1744 2958 correspondentia
1795 2896 1870 2940 se
1923 2876 2144 2941 adhuc
2194 2876 2399 2940 latius
2445 2879 2794 2955 extendit,

547 2990 750 3055 quam
798 2972 884 3034 ad
946 2970 1336 3035 hominem:
1400 2981 1511 3034 est
1558 2970 1742 3034 enim
1788 2972 2403 3055 correspondentia
2448 2973 2793 3037 caelorum

546 3067 728 3129 inter
772 3087 888 3144 se;
947 3068 1156 3131 tertio
1193 3086 1312 3130 seu
1359 3068 1606 3129 intimo
1643 3067 1843 3131 caelo
1881 3068 2379 3150 correspondet
2418 3069 2793 3132 secundum

546 3182 666 3225 seu
711 3164 1010 3225 medium
1051 3163 1359 3241 caelum3
1421 3172 1495 3226 et
1542 3162 1849 3227 secundo
1896 3184 2015 3227 seu
2062 3165 2291 3227 medio
2328 3162 2525 3227 caelo
2562 3183 2794 3227 corre—

546 3258 844 3339 spondet
879 3259 1165 3340 primum
1193 3280 1312 3322 seu
1337 3256 1652 3322 ultimum
1677 3258 1945 3322 caelum
1972 3279 1987 3336 3
2036 3270 2106 3322 et
2141 3260 2271 3323 hoc
2298 3260 2795 3341 correspondet

547 3352 778 3416 formis
817 3354 1162 3435 corporeis
1199 3354 1267 3417 in
1305 3352 1607 3428 homine,
1650 3374 1825 3437 quae
1866 3355 2195 3429 membra,
2238 3374 2499 3435 organa
2538 3364 2611 3417 et
2655 3356 2793 3417 vis—

545 3468 704 3512 cera
748 3448 892 3529 ejus
941 3459 1314 3513 vocantur:
1378 3449 1476 3513 ita
1523 3458 1630 3513 est
1677 3469 2083 3531 corporeum
2128 3448 2447 3525 hominiS,
2496 3450 2565 3512 in
2612 3448 2794 3532 quod

543 3545 790 3609 ultimo
822 3544 1074 3608 desinit
1105 3544 1394 3619 caelum,
1427 3564 1632 3627 super
1668 3564 1805 3627 quo
1842 3546 2019 3608 sicut
2054 3564 2258 3627 super
2288 3564 2411 3607 sua
2448 3544 2595 3607 basi
2634 3544 2795 3607 sub-

545 3641 749 3705 sistit.
839 3638 976 3703 Sed
1017 3640 1146 3705 hoc
1187 3659 1510 3703 arcanum
1550 3639 1713 3704 alibi
1753 3639 2019 3721 plenius
2059 3639 2441 3703 evolvetur.

672 3749 861 3799 ποι.
921 3732 1182 3799 Verum
1222 3734 1502 3798 omnino
1536 3734 1891 3799 sciendum
1924 3742 2050 3808 est,
2084 3730 2265 3818 quod
2305 3734 2528 3798 omnis
2565 3754 2795 3799 corre·

543 3830 982 3914 spondentia,
1043 3850 1216 3914 quae
1277 3848 1432 3895 curn
1499 3830 1719 3906 caelo,
1782 3831 1872 3894 sit
1938 3848 2091 3893 cum
2152 3830 2405 3893 Divino
2467 3828 2793 3893 Humano

543 3928 844 4004 Domini,
880 3928 1204 4011 quoniam
1243 3928 1333 3991 ab
1371 3926 1532 4009 Ipso
1569 3935 1679 3991 est
1719 3926 2008 4002 caelum,
2044 3936 2120 3992 et
2159 3924 2317 4009 Ipse
2356 3935 2462 3989 est
2501 3924 2791 4000 caelum,

543 4033 620 4088 ut
681 4024 749 4085 in
811 4022 1116 4087 articulis
1177 4022 1750 4106 praecedentibus
1805 4032 2161 4085 ostensum
2224 4031 2331 4085 est
2363 4041 2378 4100 ;
2440 4040 2601 4084 nam
2666 4020 2796 4084 nisi

545 4118 870 4183 Divinum
905 4118 1303 4182 Humanum
1341 4114 1657 4183 influeret
1694 4118 1763 4181 in
1802 4118 2035 4183 omnia
2072 4116 2268 4193 caeli,
2304 4126 2375 4181 et
2415 4116 2790 4179 secundum

546 4372 856 4437 mundum.
881 4385 945 4431 et
981 4375 1057 4431 de
1083 4373 1310 4429 influxu
1333 4374 1570 4431 animae
1601 4374 1660 4429 in
1692 4374 1899 4431 omnia
1920 4374 2205 4445 corporis.
2228 4372 2303 4427 ab
2324 4372 2685 4443 experientia
2710 4369 2799 4439 (ιι.

547 4444 885 4571 60ςῦ4058,
910 4446 1248 4515 6189-6213,
1273 4446 1610 4516 6307-6327,
1635 4444 1975 4515 64666495.
2000 4445 2143 4515 6598
2178 4444 2367 4513 6626).

715 4533 749 4571 e
779 4516 1145 4573 commercio
1173 4516 1409 4573 animae
1439 4528 1503 4574 et
1539 4532 1614 4573 co
1730 4517 1827 4579 ris.
1856 4518 1929 4571 ab
1956 4517 2317 4607 expet-m
2352 4515 2434 4584 (n.
2456 4508 2795 4584 6033-6058.

544 4586 882 4659 6189-6215,
908 4587 1246 4659 6307-6327‚
1271 4588 1610 4659 &tw-⁶⁴95»
1677 4584 1999 4659 598-66²⁶)·
