3371 5304
562 588 688 653 288
1208 597 1311 647 DE
1356 594 1609 648 CAELo
1654 596 1751 647 ΕΤ
1798 594 2158 647 mmmm.

562 773 793 855 aliqua
834 789 977 834 vox
1024 767 1226 844 desit,
1266 789 1442 851 quae
1488 766 1613 833 suit
1655 767 1728 831 in
1771 765 1950 833 libro
1993 766 2082 833 ab
2124 766 2373 831 eodem
2418 767 2684 851 scripto
2737 768 2810 835 in

563 866 864 944 mund03
911 873 984 929 et
1021 863 1204 948 quod
1239 863 1339 927 ita
1376 884 1469 928 ex
1506 864 1836 929 memoria
1869 861 2151 927 alterius
2189 862 2501 946 depromi
2539 865 2809 945 possint

563 962 869 1025 omnium
912 958 1479 1041 singularissima,
1518 958 1730 1022 etiam
1763 978 1938 1041 quae
1975 958 2122 1039 ipse
2153 959 2222 1021 in
2263 960 2518 1023 mundo
2549 958 2810 1024 oblitus

564 1066 712 1120 est:
783 1074 991 1119 causa
1049 1054 1260 1117 etiam
1322 1050 1602 1116 detec‘ta
1660 1062 1792 1127 est,
1851 1051 2035 1136 quod
2094 1072 2341 1135 nempe
2394 1052 2662 1117 homini
2719 1055 2810 1118 sit

564 1150 894 1215 memoria
938 1157 1233 1212 externa
1278 1156 1348 1212 et
1390 1149 1684 1225 interna,
1727 1157 2022 1211 externa
2066 1168 2242 1230 quae
2289 1150 2625 1213 naturalis
2669 1148 2810 1233 ejus

564 1246 880 1320 hominiS,
915 1264 993 1307 ac
1032 1245 1305 1307 interna
1344 1263 1517 1325 quae
1548 1243 1922 1325 spiritualis
1955 1240 2094 1324 ejus
2131 1242 2464 1321 hominis;
2514 1254 2592 1309 et
2629 1245 2809 1327 quod

564 1338 837 1423 singula
894 1358 1069 1421 quae
1133 1338 1345 1402 homo
1411 1338 1769 1419 cogitavit,
1817 1337 2058 1413 voluit,
2109 1336 2382 1401 locutus
2441 1346 2576 1416 est,
2624 1339 2811 1413 fecit,

564 1438 777 1501 etiam
822 1454 997 1517 quae
1035 1433 1297 1496 audivit
1343 1442 1413 1496 et
1460 1433 1657 1508 vidit,
1697 1433 2070 1495 memoriae
2106 1433 2418 1496 internae
2457 1452 2579 1498 seu
2617 1435 2811 1517 spiri-

563 1530 735 1595 tuali
779 1530 920 1611 ejus
966 1528 1296 1610 inscripta
1334 1529 1473 1591 sint
1504 1523 1590 1605 3¹¹)
1637 1536 1710 1592 et
1750 1528 1934 1609 quo'd
1979 1526 2096 1590 illa
2133 1548 2310 1610 quae
2345 1528 2440 1591 ibi
2477 1548 2812 1612 nusquam

564 1626 951 1701 deleantur,
1001 1625 1325 1707 quoniam
1372 1622 1571 1686 simul
1618 1623 1952 1704 inscripta
1996 1632 2155 1686 sunt
2216 1622 2346 1705 ipsi
2405 1624 2692 1706 spiritui,
2740 1636 2816 1689 et

564 1720 706 1803 ejus
752 1720 1057 1802 corporis
1100 1719 1445 1793 membriS,
1493 1728 1567 1782 ut
1614 1736 1816 1801 supra
1853 1714 2111 1781 die'turn
2158 1728 2310 1784 est:
2367 1729 2440 1782 et
2486 1720 2585 1783 sic
2629 1721 2812 1802 quod

564 1815 841 1897 spiritus
872 1813 1245 1877 secundum
1284 1814 1596 1895 cogitata
1632 1821 1705 1875 et
1753 1809 1908 1875 aaa
1943 1832 2103 1875 suae
2141 1812 2526 1877 voluntatis
2561 1813 2812 1878 forma·

564 1924 677 1977 tus
722 1912 835 1975 sit.
923 1910 1082 1975 Scio
1118 1910 1301 1993 quod
1346 1910 1518 1975 haec
1568 1918 1642 1973 ut
1691 1909 2050 1992 paradoxa
2086 1921 2493 1992 appareant,
2533 1922 2604 1975 et
2651 1912 2811 1976 inde

564 2012 685 2073 vix
730 2008 1121 2083 credantur,
1171 2008 1294 2072 sed
1360 2026 1572 2089 usque
1618 2028 1782 2069 vera
1843 2016 2026 2070 sunt.
2117 2006 2221 2070 Ne
2280 2008 2512 2091 itaque
2573 2009 2812 2073 credat

566 2108 799 2181 homo,
839 2105 1021 2188 quod
1070 2102 1379 2187 t¹¹aliquid
1421 2106 1537 2179 sit,
1586 2104 1769 2186 quod
1821 2102 2034 2168 homo·
2081 2105 2147 2167 in
2202 2124 2276 2168 se
2324 2106 2691 2186 cogitavit,
2739 2116 2812 2170 et

566 2206 633 2268 in
668 2202 1082 2266 abscondito
1111 2200 1298 2277 fecit,
1334 2212 1495 2283 post
1533 2212 1829 2265 mortem
1863 2201 2080 2266 lateat
2110 2223 2125 2278 ς
2173 2201 2295 2264 sed
2334 2203 2592 2279 credat,
2627 2204 2812 2289 quod

567 2302 797 2365 omnia
833 2309 904 2365 et
941 2300 1212 2383 singula
1250 2308 1415 2363 tunc
1453 2308 1529 2362 ut
1568 2297 1755 2363 claro
1793 2300 1861 2361 in
1900 2299 2009 2363 die
2051 2306 2360 2380 pateant.

692 2398 902 2485 464„
962 2398 1276 2462 Tametsi
1336 2396 1665 2460 memoria
1723 2406 2018 2460 externa
2077 2417 2195 2460 seu
2249 2397 2582 2461 naturalis
2628 2399 2812 2462 inest

566 2496 824 2561 homini
871 2504 1030 2579 post
1079 2504 1398 2569 mortem,
1447 2514 1659 2577 usque
1707 2504 1945 2557 tamen
1992 2511 2177 2557 mere
2224 2494 2588 2570 naturalia,
2637 2516 2813 2579 quae

564 2594 729 2658 inibi
762 2602 945 2670 sunt,
982 2612 1120 2656 non
1152 2591 1693 2675 reproducuntur
1729 2592 1798 2656 in
1829 2591 2051 2656 altera
2082 2593 2245 2668 vita,
2281 2592 2404 2656 sed
2436 2592 2815 2676 spiritualia

565 2712 738 2776 quae
772 2689 1191 2755 naturalibus
1225 2709 1345 2772 per
1376 2691 2026 2772 correspondentias
2049 2686 2371 2771 adjunCta
2396 2701 2595 2770 sunt;
2638 2711 2812 2774 quae

567 2801 804 2854 tamen
844 2807 998 2852 curn
1031 2789 1366 2851 sistuntur
1404 2787 1491 2850 ad
1528 2787 1773 2863 visum,
1809 2797 2145 2871 apparent
2183 2788 2250 2851 in
2287 2787 2504 2851 forma
2537 2809 2812 2870 prorsus

568 2885 792 2961 simili,
840 2895 916 2950 ut
962 2887 1031 2949 in
1078 2883 1370 2948 naturali
1418 2886 1718 2963 mundo;
1781 2903 1940 2948 nam
1987 2885 2218 2948 omnia
2263 2906 2437 2968 quae
2483 2886 2552 2950 in
2599 2885 2811 2950 caelis

567 2991 921 3066 apparent,
962 2982 1274 3046 similiter
1312 2990 1385 3045 ut
1433 2983 1500 3045 in
1548 2983 1806 3046 mundo
1844 2991 2203 3065 apparent,
2244 2983 2528 3048 tametsi
2571 2983 2640 3048 in
2688 3003 2812 3048 sua

1344 3209 1442 3264 [(xx
1466 3218 1663 3252 marus
1687 3210 2038 3262 cunnum„

678 3321 749 3390 (Ι)
800 3319 981 3406 Quod
1019 3320 1194 3376 binae
1233 3320 1557 3376 memoriae
1592 3320 1826 3376 homini
1863 3320 2003 3384 sint,
2029 3321 2294 3377 exterior
2315 3331 2380 3376 et
2411 3322 2676 3383 interior,
2703 3337 2808 3378 seu

572 3392 857 3447 naturalis
881 3403 945 3447 et
968 3391 1296 3462 spiritualis
1327 3394 1407 3460 (n.
1434 3391 1538 3457 246
1614 3393 1797 3460 2494).

734 3463 854 3518 uod
878 3463 1062 3517 homo
1084 3477 1203 3516 non
1226 3463 1378 3532 sciat
1400 3407 1638 3532 quogei
1660 3461 1950 3517 memoria
1971 3461 2218 3518 interior
2235 3462 2316 3517 sit
2343 3465 2424 3531 (n.
2448 3476 2601 3530 2470,
2625 3475 2726 3530 247
2736 3465 2808 3532 ι).

736 3543 983 3588 uantum
1014 3534 1304 3588 memoria
1328 3532 1579 3588 interior
1602 3532 1856 3588 excellet
1879 3533 2158 3588 exteriori
2189 3535 2270 3601 (n.
2297 3535 2480 3602 2473).

736 3606 855 3660 uod
882 3621 1037 3674 quae
1064 3605 1123 3658 in
1151 3604 1439 3661 memoria
1461 3603 1758 3658 exteriore
1779 3613 1940 3666 sunt.
1965 3603 2027 3658 in
2051 3605 2186 3660 luce
2209 3605 2420 3659 mundi
2443 3605 2602 3668 siut3
2654 3619 2811 3676 quae

570 3687 770 3731 autem
800 3675 858 3729 in
890 3675 1192 3737 interiore,
1221 3675 1281 3730 in
1307 3676 1439 3730 luce
1465 3675 1617 3729 caeli
1646 3676 1730 3744 (n.
1759 3677 1942 3744 5212).

676 3745 853 3818 Quod
899 3763 974 3801 ex
1018 3746 1304 3800 memoria
1347 3745 1628 3800 interiore
1671 3745 1769 3808 sit,
1807 3745 1971 3817 quod
2011 3745 2195 3800 homo
2234 3743 2714 3800 intellet'tualiter
2748 3755 2810 3800 et

572 3817 947 3872 rationaliter
970 3817 1164 3887 possit
1188 3817 1455 3888 cogitare
1479 3827 1542 3871 et
1567 3816 1732 3887 loqui
1762 3817 1843 3885 (n.
1868 3819 2052 3884 9394).

677 3886 854 3959 Quod
882 3887 1087 3943 omnia
1112 3897 1174 3942 et
1200 3887 1435 3959 singula
1457 3903 1613 3958 quae
1639 3887 1824 3942 homo
1847 3887 2156 3970 cogitavit,
2182 3886 2420 3942 locutus
2443 3897 2554 3948 est.
2579 3887 2722 3958 egit,
2747 3897 2810 3942 et

569 3975 723 4028 quae
740 3959 896 4013 vidit
913 3967 975 4013 et
993 3959 1240 4020 audivit,
1264 3958 1546 4028 inscripta
1565 3959 1685 4012 sint
1707 3973 2030 4012 memoriae
2050 3957 2317 4013 interiori
2339 3959 2421 4026 (n.
2445 3970 2600 4024 2474.
2627 3958 2808 4026 7398).

735 4031 857 4084 uod
886 4030 987 4084 illa
1011 4029 1301 4084 memoria
1324 4031 1403 4084 sit
1430 4029 1581 4083 liber
1597 4029 1757 4082 vitae
1782 4029 1912 4098 ejus
1941 4030 2022 4097 (n.
2050 4041 2204 4094 2474,
2231 4028 2389 4098 9386,
2409 4029 2568 4098 984ῐ,
2597 4031 2808 4098 10505).

736 4101 859 4159 uod
885 4101 945 4155 in
966 4101 1255 4157 memoria
1275 4101 1559 4156 interiore
1576 4100 1700 4156 sint
1719 4115 1860 4154 vera
1876 4115 2031 4170 quae
2051 4098 2208 4154 {aista
2232 4110 2374 4155 sunt
2395 4099 2550 4162 fidei.
2571 4110 2634 4155 et
2653 4101 2810 4155 bona

569 4187 725 4244 quae
749 4169 907 4226 fasta
930 4171 1264 4240 amorism.
1296 4183 1446 4240 52¹²·
1474 4171 1657 4237 8067).

676 4239 857 4326 Quod
896 4243 997 4297 illa
1032 4258 1187 4313 quae
1224 4242 1547 4297 induerunt
1573 4241 1864 4302 habitum.
1892 4253 1955 4297 et
1979 4238 2138 4296 fasta
2161 4251 2303 4296 sunt
2327 4241 2505 4302 vitae.
2529 4251 2594 4298 et
2617 4257 2724 4313 per
2747 4241 2808 4296 id

569 4314 917 4370 oblitterata
942 4313 1002 4368 in
1032 4313 1321 4369 memoria
1343 4313 1658 4374 exteriore.
1684 4311 1808 4368 siut
1835 4313 1896 4367 in
1921 4312 2214 4368 memoria
2237 4312 2520 4368 interiore
2547 4315 2630 4382 (n.
2649 4325 2808 4382 9394.

569 4385 1129 4528 9⁷²&u93313piritus
1153 4465 1216 4538 et
1240 4455 1437 4537 angeli
1464 4455 1792 4526 loquantur
1813 4470 1889 4509 ex
1913 4453 2204 4510 memoria
2227 4453 2530 4515 interiore,
2556 4461 2619 4509 et
2643 4452 2806 4525 quod

572 4525 711 4582 inde
739 4524 854 4582 illis
878 4526 1083 4598 lingua
1104 4526 1454 4598 umyersalis
1482 4527 1565 4594 (n.
1592 4538 1748 4591 2472,
1774 4524 1929 4591 2476.
1959 4539 2113 4594 2490,
2136 4527 2316 4594 2493).

678 4595 855 4669 Quod
884 4597 1124 4668 linguae
1153 4597 1210 4650 in
1240 4598 1467 4651 mundo
1490 4596 1613 4652 sint
1639 4596 1961 4652 memoriae
1981 4595 2294 4652 exterioris
2320 4598 2402 4666 (n.
2426 4607 2579 4662 247²·
2605 4593 2785 4662 2476).
