3371 5304
867 669 1184 724 CABLUM
1221 670 1360 722 1:81·
1399 669 1628 723 HOMO
1665 671 1769 724 Ex
1810 671 2087 728 nmmo
2125 672 2485 727 RUMANO.
2730 676 2807 746 51

655 838 924 922 '’U-pete
956 843 1013 896 in
1050 841 1158 922 Me,
1183 853 1240 894 et
1275 843 1396 906 Ego
1427 844 1484 894 in
1521 845 1715 924 vobis-z
1762 846 2133 926 sieut-palmes
2158 861 2269 898 non
2296 855 2479 926 potest
2500 847 2643 898 ferre
2665 847 2811 898 frue-

815 917 936 1024 33:
956 923 994 1034 ‚⁸
1014 923 1236 1026 5:333:
1262 910 1380 1026 :²1¹3ss
1394 911 2566 1039 ffissssffifuzzzlmfxssgzssff,¹3².⁸‚:‚;¹:.3¹:
2578 928 2808 1030 13⁸3&

813 1053 1094 1172 ξορρῧὲὶ.
1111 1041 1218 1158 ,ivai
1230 1052 1540 1170 ate-ff&
1565 1042 1695 1094 Mea
1712 1044 2079 1102 servaveritis.
2102 1044 2395 1096 manebitis
2416 1045 2475 1094 in
2502 1043 2631 1095 Meo
2655 1059 2807 1096 amo-

678 1263 812 1334 82.
871 1265 1052 1351 Quia
1089 1269 1250 1334 talis
1289 1271 1644 1352 perceptio
1681 1271 1771 1334 de
1816 1269 2071 1334 Divino
2106 1278 2215 1334 est
2260 1271 2328 1334 in
2374 1271 2605 1347 caelis,
2645 1272 2803 1336 ideo

547 1363 828 1428 insitum
867 1374 975 1429 est
1021 1366 1234 1428 cuivis
1279 1363 1561 1442 homini,
1601 1366 1717 1450 qui
1762 1366 2059 1449 aliquem
2104 1365 2440 1431 influxum
2500 1387 2539 1430 e
2598 1367 2799 1431 caelo

545 1459 813 1541 recipit,
854 1459 942 1522 de
1004 1459 1158 1524 Deo
1202 1461 1330 1524 sub
1378 1459 1699 1524 Humana
1746 1461 1976 1544 specie
2023 1461 2377 1544 cogitare3
2437 1460 2571 1525 hoc
2616 1461 2799 1526 fece·

545 1563 705 1618 runt
743 1555 1048 1637 antiqui;
1094 1554 1226 1618 hoc
1264 1555 1476 1619 etiam
1508 1555 1768 1618 faciunt
1805 1553 2140 1632 hodierni,
2176 1565 2316 1618 tam
2357 1565 2562 1619 extra
2592 1575 2797 1639 quam

547 1647 731 1712 intra
769 1648 1176 1728 ecclesiam;
1224 1649 1571 1734 simplices
1604 1650 1837 1734 Ipsum
1876 1650 2308 1733 cogitatione
2346 1651 2585 1714 vident
2624 1651 2799 1714 sicut

546 1743 930 1826 Antiquum
962 1745 1033 1807 in
1066 1746 1384 1809 candore.
1477 1743 1614 1810 Sed
1648 1745 1929 1809 insitum
1961 1745 2093 1810 hoc
2122 1746 2613 1811 exstinxerunt
2646 1764 2795 1809 om·

545 1859 669 1902 nes
726 1839 846 1914 illi,
889 1840 1000 1923 qui
1059 1850 1499 1904 removerunt
1554 1839 1887 1904 influxum
1948 1861 1987 1904 e
2046 1840 2241 1904 caelo
2287 1860 2407 1923 per
2452 1841 2795 1924 propriam

545 1933 1101 2016 intelligentiam,
1134 1945 1206 2000 et
1245 1955 1364 2018 per
1399 1936 1612 1999 vitam
1654 1935 1856 1999 mali:
1906 1933 2020 2020 qui
2058 1957 2177 2019 per
2208 1937 2549 2020 propriam
2587 1934 2795 2000 intel-

543 2029 904 2114 ligentiam
938 2033 1456 2107 exstinxerunt,
1483 2030 1581 2095 illi
1608 2032 1833 2095 Deum
1858 2031 2268 2094 invisibilem
2296 2030 2593 2096 ¹⁸¹volunt
2624 2053 2639 2110 ;
2680 2033 2794 2116 qui

544 2137 776 2191 autem
807 2148 930 2211 per
959 2129 1176 2192 vitam
1214 2127 1398 2202 mali,
1440 2127 1702 2192 nullum
1742 2127 2006 2192 Deum:
2056 2126 2153 2190 illi
2188 2135 2259 2191 et
2290 2127 2360 2191 hi
2393 2147 2532 2191 non
2566 2129 2794 2193 sciunt

543 2222 728 2306 quod
764 2223 906 2287 tale
943 2223 1221 2288 insitum
1255 2225 1480 2298 detur,
1522 2224 1680 2306 quia
1730 2243 1867 2286 non
1914 2223 2095 2307 apud
2141 2222 2321 2298 mos,
2358 2241 2511 2288 cum
2554 2233 2791 2288 tamen

545 2315 676 2382 hoc
723 2319 944 2401 ipsum
993 2318 1316 2383 Divinum
1363 2317 1671 2384 caeleste
1719 2328 1851 2393 est,
1892 2317 2076 2401 quod
2122 2319 2445 2401 primario
2488 2317 2707 2384 influit
2753 2338 2793 2383 e

543 2412 738 2477 caelo
774 2414 956 2496 apud
994 2413 1368 2490 hominem,
1408 2416 1564 2497 quia
1609 2413 1826 2478 homo
1862 2422 2062 2477 natus
2101 2421 2209 2477 est
2255 2410 2344 2476 ad
2389 2413 2677 2490 caelum,
2717 2421 2792 2478 et

543 2509 610 2572 in
649 2509 914 2572 caelum
955 2527 1162 2573 nemo
1196 2509 1388 2574 venit
1425 2509 1685 2593 absque
1724 2509 1878 2572 idea
1916 2507 2165 2571 Divini.

671 2602 815 2686 83.
877 2603 1049 2668 Inde
1089 2615 1217 2682 est,
1251 2605 1434 2689 quod
1472 2605 1583 2689 qui
1621 2623 1760 2668 non
1808 2604 1876 2668 in
1915 2603 2071 2667 idea
2107 2600 2281 2667 caeli
2317 2610 2447 2680 est,
2484 2599 2616 2668 hoc
2655 2611 2787 2683 est,

541 2700 608 2765 in
642 2700 796 2764 idea
828 2698 1058 2765 Divini
1088 2721 1180 2765 ex
1216 2721 1353 2784 quo
1382 2700 1669 2776 caelum,
1710 2720 1845 2763 non
1878 2698 2097 2782 possit
2131 2698 2217 2762 ad
2256 2698 2547 2783 primum
2581 2698 2788 2763 limen

539 2794 713 2865 caeli
749 2795 1045 2875 elevari3
1093 2804 1167 2861 ut
1204 2796 1495 2878 primum
1528 2795 1690 2859 illuc
1730 2795 1943 2871 venit,
1984 2793 2353 2876 percipitur
2393 2794 2790 2859 resistentia

540 2898 610 2953 et
644 2888 840 2954 sortis
866 2891 1127 2955 renisus
1155 2908 1171 2951 ε
1219 2910 1427 2954 causa
1456 2900 1586 2966 est,
1614 2890 1771 2974 quia
1802 2889 2128 2952 interiora
2151 2888 2329 2970 apud
2364 2886 2577 2963 illum,
2613 2907 2785 2970 quae

539 2995 896 3067 receptura
953 2995 1188 3050 essent
1248 2983 1537 3060 caelum,
1593 2984 1829 3048 clausa
1882 2994 2063 3060 sunt,
2123 2984 2443 3066 quoniam
2512 3002 2650 3047 non
2714 2984 2785 3047 in

540 3078 754 3143 forma
791 3078 1006 3159 caeli;
1067 3080 1278 3144 immo
1323 3079 1463 3154 illa,
1504 3100 1640 3162 quo
1685 3078 1965 3161 propius
2000 3078 2192 3142 venit
2238 3078 2325 3141 ad
2373 3077 2661 3153 caelum,
2703 3099 2787 3143 eo

539 3171 790 3238 arstius
834 3175 1265 3239 clauduntur.
1357 3172 1549 3237 Talis
1596 3194 1744 3237 sors
1802 3180 1913 3237 est
1980 3172 2116 3237 illis
2161 3172 2345 3237 intra
2392 3174 2781 3251 ecclesiam,

539 3270 648 3353 qui
681 3270 1054 3333 Dominum
1091 3278 1376 3353 negant,
1417 3280 1489 3333 et
1521 3270 1634 3352 qui
1667 3278 1743 3332 ut
1778 3266 2122 3333 Sociniani
2157 3267 2481 3332 Divinum
2521 3268 2779 3352 Ipsius:

537 3363 753 3447 qualis
789 3374 1022 3429 autem
1069 3386 1216 3429 sors
1261 3375 1368 3430 est
1415 3364 1547 3427 illis
1594 3364 1707 3447 qui
1754 3373 1956 3427 extra
1994 3363 2357 3427 ecclesiam
2403 3364 2552 3428 nati
2597 3373 2779 3440 sunt,

537 3460 776 3543 quibus
813 3458 1150 3523 Dominus
1197 3478 1334 3522 non
1374 3470 1482 3523 est
1522 3469 1731 3522 notus
1776 3460 1932 3543 quia
1970 3456 2279 3523 Verbum
2318 3478 2455 3523 non
2493 3457 2777 3534 habent,

535 3555 874 3619 videbitur
909 3556 976 3619 in
1016 3555 1479 3639 sequentibus,

659 3648 806 3733 84.
865 3649 1068 3733 Quod
1094 3652 1356 3734 antiqui
1387 3650 1755 3716 habuerint
1788 3650 2011 3715 ideam
2048 3650 2350 3715 Humani
2383 3651 2469 3715 de
2502 3649 2778 3727 Divino,

534 3754 813 3811 constat
850 3768 938 3811 ex
980 3746 1518 3829 apparitionibus
1556 3746 1790 3810 Divini
1828 3765 2060 3810 coram
2101 3745 2527 3821 Abraham0,
2570 3742 2775 3819 Loto,

533 3840 762 3923 josua,
789 3840 1166 3919 Guideone,
1195 3840 1606 3917 Manoach0‚
1636 3862 1853 3905 uxore
1878 3840 2040 3924 ejus,
2069 3850 2140 3904 et
2166 3840 2337 3915 aliis,
2367 3842 2477 3923 qui
2502 3842 2782 3905 tametsi

533 3936 852 4002 viderunt
896 3937 1120 4002 Deum
1181 3948 1255 4003 ut
1318 3934 1717 4013 Hominem,
1766 3958 1979 4019 usque
2032 3937 2493 4001 adoraverunt
2541 3935 2774 4018 Ipsum

535 4054 658 4119 pro
696 4034 848 4098 Deo
880 4032 1196 4109 universi,
1223 4034 1540 4098 vocando
1573 4030 1807 4115 Ipsum
1841 4032 2065 4097 Deum
2099 4032 2271 4097 caeli
2305 4041 2377 4096 et
2417 4041 2663 4107 terrae,
2698 4052 2777 4097 ac

530 4126 882 4211 Jehovam.
974 4126 1179 4210 Quod
1217 4128 1550 4192 Dominus
1581 4127 1781 4191 fuerit
1818 4126 1931 4210 qui
1970 4126 2150 4189 visus
2183 4126 2611 4202 Abrahamo,
2648 4126 2775 4190 do-

533 4234 647 4289 cet
683 4223 840 4307 lpse
878 4223 1059 4307 apud
1095 4222 1480 4299 Johannem
1519 4220 1697 4305 (cap.
1738 4222 1872 4285 viii.
1916 4218 2069 4305 56);
2113 4221 2301 4305 quod
2336 4220 2547 4285 etiam
2584 4228 2775 4285 cete·

533 4320 644 4399 ris,
683 4328 881 4403 patet
918 4340 1011 4383 ex
1050 4318 1326 4383 Domini
1363 4316 1611 4394 verbis,

631 4454 988 4587 Ωιιιεκὶῶτοιιιιξιἰ
1001 4453 1216 4571 anstren
1240 4463 1295 4505 et
1316 4453 1554 4583 sp³e⁷c)iem
1575 4451 1757 4517 Ipsius
1772 4450 1985 4511 viderit,
2009 4462 2065 4503 et
2086 4463 2277 4503 vocem
2304 4448 2485 4517 Ipsius
2506 4450 2777 4503 audiverit

867 4536 896 4569 0
989 4556 1004 4571 .
1112 4534 1125 4579 ;
1155 4534 1271 4584 cap.
1297 4533 1345 4569 v.
1457 4556 1470 4571 .

617 4656 760 4741 83.
819 4653 958 4723 Sed
1009 4656 1194 4740 quod
1241 4654 1430 4720 Deus
1479 4652 1715 4721 Homo
1759 4654 1875 4731 sit,
1921 4672 2128 4739 aegre
2174 4660 2413 4736 potest
2454 4668 2777 4737 compte·
