3371 5304
565 569 683 633 140
1197 563 1299 612 DE
1343 561 1598 614 CAELO
1643 562 1741 612 ET
1788 561 2151 614 INFERNO.

549 737 828 822 ignotis.
917 735 1140 802 Causa
1165 736 1348 819 quod
1380 737 1480 800 ita
1509 735 1624 812 sit,
1649 743 1760 800 est
1785 734 1941 818 quia
1964 732 2218 818 angeli,
2246 751 2403 800 cum
2428 727 2801 818 loquuntur

551 853 706 900 cum
744 833 1045 909 homine,
1081 841 1359 898 vertunt
1399 851 1474 896 se
1509 831 1599 895 ad
1636 831 1854 908 illum,
1888 839 1962 894 et
2000 830 2427 912 conjungunt
2465 851 2541 894 se
2578 830 2697 907 illi,
2725 841 2799 896 et

551 925 944 1009 conjunctio
976 927 1210 1008 angeli
1243 945 1396 990 cum
1428 927 1711 992 homine
1738 926 1902 992 facit
1934 935 2012 992 ut
2044 935 2332 1008 uterque
2366 926 2569 990 simili
2605 928 2798 1008 cogi-

549 1025 819 1088 tatione
857 1024 947 1088 sit
970 1021 1002 1101 3*
1047 1031 1122 1088 et
1161 1023 1317 1104 quia
1355 1022 1650 1086 hominis
1690 1021 2042 1104 cogitatio
2086 1021 2417 1086 cohaeret
2462 1039 2619 1087 cum
2656 1021 2798 1102 ejus

549 1119 902 1194 memoria,
943 1129 1016 1184 et
1053 1118 1212 1182 inde
1258 1117 1404 1181 fluit
1439 1117 1735 1200 loquela,
1775 1117 1932 1182 ideo
1968 1126 2253 1199 uterque
2299 1126 2407 1180 est
2447 1118 2512 1179 in
2552 1117 2795 1182 eadem

548 1212 803 1297 lingua.
925 1214 1290 1280 Praeterea
1355 1213 1646 1294 angelus
1710 1222 1830 1277 aut
1897 1212 2199 1295 spiritus»,
2245 1231 2401 1275 cum
2459 1214 2653 1277 venit
2710 1213 2798 1278 ad

549 1311 924 1386 hominem,
973 1318 1046 1373 et
1091 1329 1214 1392 per
1275 1309 1800 1374 conversionem
1846 1308 1935 1372 ad
1990 1307 2183 1372 illum
2230 1307 2668 1389 conjungitur
2712 1309 2797 1382 ei,

547 1407 741 1471 venit
787 1407 856 1468 in
903 1425 1182 1470 omnem
1219 1403 1364 1486 ejus
1409 1405 1835 1480 memoriam,
1876 1403 1943 1467 in
1992 1413 2267 1468 tantum
2314 1413 2389 1466 ut
2429 1405 2549 1466 vix
2596 1404 2803 1468 aliter

549 1501 726 1566 sciat
766 1520 971 1585 quam
1019 1501 1202 1583 quod
1249 1521 1342 1564 ex
1381 1520 1456 1564 se
1501 1501 1678 1564 sciat
1720 1519 1894 1583 quae
1940 1499 2153 1562 homo
2188 1498 2341 1574 scit,
2382 1500 2480 1563 ita
2526 1519 2799 1582 quoque

547 1597 834 1683 linguas.
917 1595 1092 1672 Cum
1123 1595 1392 1677 angelis
1425 1595 1513 1659 de
1537 1595 1664 1660 hac
1704 1617 1777 1660 re
1804 1593 2077 1658 locutus
2110 1615 2283 1669 sum,
2311 1604 2384 1658 et
2417 1594 2585 1670 dixi,
2612 1595 2797 1677 quod

546 1692 724 1756 sorte
757 1700 1142 1764 autument,
1171 1692 1356 1773 quod
1387 1691 1487 1755 illi
1519 1690 1889 1773 loquantur
1920 1709 2193 1756 mecum
2216 1690 2586 1754 vernacula
2618 1710 2793 1766 mea,

547 1789 703 1868 quia
735 1788 834 1850 ita
871 1787 1360 1868 appercipitur,
1398 1803 1554 1850 cum
1601 1795 1835 1848 tamen
1873 1785 1973 1849 illi
2004 1805 2145 1848 non
2184 1785 2322 1851 sint
2355 1787 2469 1868 qui
2506 1785 2794 1868 loquun-

546 1892 679 1957 tur,
728 1882 853 1946 sed
899 1901 1074 1962 eg03
1144 1891 1217 1944 et
1264 1881 1447 1964 quod
1494 1881 1626 1944 hoc
1675 1890 1999 1945 constare
2047 1881 2268 1963 possit
2314 1901 2407 1945 ex
2454 1901 2561 1956 e0,
2609 1880 2795 1964 quod

546 1977 776 2059 angeli
824 1996 962 2038 non
1011 1977 1276 2058 possint
1326 1975 1553 2057 eloqui
1592 1993 1799 2038 unam
1838 1995 2081 2040 vocem
2130 1975 2406 2057 linguae
2452 1975 2795 2038 humanae

549 2071 644 2155 (n.
686 2070 885 2154 237);
955 2081 1028 2135 et
1075 2081 1436 2154 praeterea
1495 2070 1729 2153 lingua
1777 2071 2078 2136 humana
2144 2082 2253 2136 est
2317 2070 2672 2144 naturaliS,
2720 2080 2795 2134 et

545 2168 646 2230 illi
692 2176 852 2230 sunt
896 2167 1306 2250 spiritualeS,
1347 2176 1419 2230 et
1467 2164 1857 2249 spirituales
1904 2185 2041 2230 non
2088 2166 2347 2249 aliquid
2390 2164 2797 2230 naturaliter

547 2263 848 2345 proferre
896 2271 1206 2344 possunt.
1301 2261 1416 2325 Ad
1467 2263 1637 2326 haec
1694 2261 2045 2336 dixerunt,
2094 2261 2280 2344 quod
2326 2263 2550 2326 sciant
2608 2260 2795 2344 quod

546 2356 936 2439 conjunctio
990 2377 1228 2421 eorum
1287 2376 1446 2420 cum
1498 2356 1799 2429 homine,
1850 2375 2005 2421 curn
2059 2377 2197 2439 quo
2256 2356 2653 2440 loquuntur,
2700 2356 2793 2420 sit

544 2473 700 2518 cum
761 2455 1196 2536 cogitatione
1255 2453 1398 2534 ejus
1458 2451 1817 2536 spirituali,
1866 2453 1991 2516 sed
2049 2453 2209 2535 quia
2271 2451 2391 2517 illa
2447 2451 2665 2516 influit
2724 2452 2791 2516 in

544 2550 1045 2631 cogitationem
1084 2549 1230 2630 ejus
1276 2548 1688 2622 naturalem,
1727 2557 1800 2611 et
1846 2547 2019 2613 haec
2076 2547 2406 2612 cohaeret
2452 2567 2607 2612 cum
2646 2565 2791 2610 me-

546 2645 762 2710 moria
807 2643 972 2726 ejus,
1013 2645 1194 2727 quod
1241 2644 1398 2709 ideo
1445 2652 1778 2727 appareat
1818 2641 1953 2707 illis
1999 2642 2235 2726 lingua
2279 2643 2577 2709 hominis
2614 2643 2792 2707 sicut

545 2760 688 2815 sua,
736 2739 1050 2804 similiter
1105 2740 1328 2803 omnis
1387 2740 1680 2803 scientia
1734 2738 1901 2820 ejus,
1950 2748 2024 2803 et
2089 2740 2274 2821 quod
2329 2740 2461 2803 hoc
2518 2738 2639 2803 fiat
2698 2758 2791 2803 ex

545 2854 774 2909 causa,
814 2837 972 2918 quia
1030 2836 1288 2916 placuit
1343 2834 1668 2909 Domino,
1718 2844 1792 2898 ut
1841 2833 2001 2897 talis
2048 2833 2440 2914 conjunctio
2486 2843 2557 2899 et
2600 2834 2793 2917 quasi

543 2930 826 2994 insertio
865 2930 1040 2994 caeli
1075 2932 1165 2995 sit
1203 2930 1383 3012 apud
1421 2929 1811 3007 hominem3
1861 2930 1983 2993 sed
2021 2930 2205 3012 quod
2236 2940 2458 2994 status
2495 2929 2793 2994 hominis

545 3024 752 3089 hodie
797 3028 888 3090 sit
933 3026 1130 3103 alim,
1179 3036 1254 3089 ut
1301 3025 1464 3089 talis
1509 3022 1902 3105 conjunctio
1948 3044 2087 3089 non
2134 3026 2428 3107 amplius
2486 3026 2576 3088 sit
2634 3042 2790 3088 cum

545 3118 836 3200 angelis„
875 3120 996 3185 sed
1045 3140 1198 3183 cum
1247 3121 1595 3202 spiritibus
1639 3120 1755 3202 qui
1803 3140 1939 3183 non
1986 3121 2055 3183 in
2102 3119 2301 3184 caelo
2346 3130 2525 3183 sunt.
2620 3118 2791 3183 Cum

545 3216 892 3297 spiritibus
925 3215 1010 3278 de
1043 3216 1289 3279 eadem
1319 3215 1446 3278 hac
1482 3236 1554 3278 re
1587 3216 1797 3279 etiam
1832 3215 2099 3279 locutus
2125 3236 2273 3280 sum
2302 3237 2316 3293 ;
2364 3216 2487 3279 sed
2518 3214 2619 3279 illi
2650 3234 2791 3279 non

544 3309 824 3375 credere
857 3310 1243 3386 voluerunt,
1279 3310 1461 3393 quod
1496 3310 1707 3374 homo
1740 3310 2061 3392 loquatur
2098 3311 2220 3374 sed
2258 3310 2355 3373 illi
2388 3311 2454 3373 in
2488 3310 2788 3386 homine,

546 3415 693 3469 tum
733 3406 916 3488 quod
963 3406 1175 3470 homo
1215 3426 1352 3469 non
1401 3406 1575 3469 sciat
1619 3426 1792 3488 quae
1840 3407 1992 3482 scit,
2034 3405 2156 3469 sed
2194 3405 2313 3481 illi,
2355 3413 2426 3469 et
2467 3406 2562 3469 sic
2601 3404 2791 3488 quod

545 3501 777 3565 omnia
814 3522 988 3583 quae
1025 3500 1236 3564 homo
1269 3501 1462 3563 novit
1498 3501 1636 3563 sint
1675 3500 1765 3563 ab
1800 3500 1977 3563 illis:
2033 3501 2218 3564 volui
2258 3501 2560 3585 pluribus
2598 3501 2793 3564 evin·

545 3619 699 3663 cere
724 3596 907 3680 quod
945 3616 1080 3659 non
1108 3597 1206 3659 ita
1237 3598 1350 3671 sit,
1379 3596 1503 3659 sed
1537 3596 1901 3660 incassum.
1980 3593 2277 3675 Quinam
2312 3595 2793 3678 intelliguntur

545 3714 666 3776 per
703 3693 980 3775 spiritus
1017 3701 1089 3755 et
1128 3691 1404 3773 quinam
1455 3711 1574 3772 per
1611 3690 1924 3772 angelos,
1965 3692 2031 3753 in
2071 3693 2515 3775 sequentibus
2554 3692 2667 3755 ubi
2703 3692 2791 3755 de

545 3787 808 3851 Mundo
847 3784 1218 3869 Spirituum
1258 3787 1604 3868 agendum
1643 3796 1775 3860 est,
1816 3787 2099 3850 dicetur.

671 3896 861 3966 247.
929 3880 1131 3963 Quod
1166 3882 1396 3964 angeli
1429 3891 1499 3945 et
1539 3882 1819 3964 spiritus
1856 3903 1931 3945 se
1963 3891 2108 3945 tam
2142 3880 2325 3946 arEie
2364 3880 2790 3963 conjungant

544 3995 698 4041 cum
737 3977 1036 4051 homine,
1079 3998 1288 4059 usque
1321 3987 1396 4041 ut
1436 3997 1573 4040 non
1607 3975 1812 4039 aliter
1844 3978 2067 4040 sciant
2100 3996 2301 4059 quam
2340 3974 2583 4059 [quod]
2618 3996 2792 4061 quae

543 4071 839 4136 hominis
887 4081 1047 4135 sunt
1094 4092 1214 4135 sua
1253 4073 1414 4147 sint,
1457 4082 1564 4136 est
1613 4092 1884 4155 quoque
1930 4092 2157 4147 causa,
2198 4072 2355 4155 quia
2400 4067 2792 4153 conjunctio

546 4166 705 4231 talis
761 4176 869 4231 est
923 4168 1105 4231 inter
1157 4167 1580 4250 spiritualem
1642 4178 1717 4231 et
1777 4166 2159 4231 naturalem
2223 4166 2550 4230 mundum
2610 4165 2791 4249 apud

545 4262 918 4338 hominem,
957 4271 1030 4325 ut
1077 4264 1270 4345 quasi
1317 4282 1524 4327 unum
1572 4264 1752 4341 sint;
1818 4271 1890 4325 at
1934 4264 2090 4344 quia
2133 4262 2344 4326 homo
2392 4282 2467 4325 se
2513 4280 2791 4344 separa·

543 4368 742 4421 verat
787 4378 829 4420 a
874 4358 1090 4431 cae10‚
1142 4358 1486 4440 provisum
1542 4368 1650 4421 est
1709 4378 1750 4419 a
1810 4358 2111 4420 Domino
2170 4368 2246 4421 ut
2306 4358 2485 4441 apud
2546 4378 2789 4422 unum-

545 4454 854 4536 quemvis
892 4453 1240 4516 hominem
1273 4462 1508 4516 essent
1543 4452 1773 4534 angeli
1812 4462 1883 4516 et
1922 4453 2223 4533 spiritus,
2251 4462 2324 4518 et
2361 4453 2542 4535 quod
2580 4452 2792 4516 homo

549 4568 669 4631 per
700 4547 858 4612 illos
893 4568 936 4612 a
968 4548 1270 4613 Domino
1295 4558 1670 4630 regeretur,
1700 4556 1982 4631 propter
2018 4566 2171 4613 eam
2205 4568 2483 4613 causam
2508 4556 2615 4612 est
2646 4558 2792 4613 tam
