3371 5304
543 599 660 676 146
1183 607 1284 659 m:
1331 604 1585 658 CAELo
1631 605 1729 656 ΕΤ
1766 602 2131 655 INFERNO.

537 782 890 866 spiritibus
932 801 1148 864 aeque
1193 789 1303 844 est
1348 780 1680 843 memoria
1732 797 1810 841 ac
1872 776 2283 841 hominibus.
2372 774 2443 840 Si
2502 777 2774 859 spiritus

535 897 692 942 cum
729 879 1008 942 homine
1047 877 1442 961 loqueretur
1486 893 1578 936 ex
1625 893 1747 935 sua
1793 873 2141 946 memoria,
2183 880 2349 935 tunc
2387 873 2597 936 homo
2636 891 2775 935 non

535 973 738 1037 aliter
769 973 996 1047 sciret,
1023 991 1228 1055 quam
1252 969 1436 1053 quod
1474 987 1582 1032 res
1613 987 1781 1050 quas
1816 978 1981 1030 tunc
2014 969 2281 1048 cogitat
2316 986 2478 1030 suae
2516 979 2775 1040 essent,

535 1087 688 1132 eum
720 1076 954 1132 tamen
985 1075 1146 1130 sunt
1171 1065 1446 1148 spiritus
1473 1083 1492 1141 ;
1538 1074 1646 1126 est
1671 1062 1863 1125 velut
1896 1063 2405 1125 reminiscentia
2428 1062 2546 1137 rei,
2572 1081 2776 1145 quam

535 1173 770 1227 tamen
807 1161 1018 1225 homo
1055 1177 1390 1243 nusquam
1425 1157 1687 1222 audivit
1732 1167 1850 1221 aut
1888 1157 2101 1220 vidit:
2163 1159 2346 1240 quod
2392 1159 2495 1222 ita
2538 1159 2649 1232 sit,
2689 1159 2779 1222 ab

535 1257 964 1340 experientia
999 1254 1162 1324 mihi
1206 1255 1378 1318 scire
1437 1253 1678 1316 datum
1738 1262 1869 1316 est.
1961 1251 2131 1316 Inde
2189 1253 2312 1316 fuit
2370 1249 2773 1336 quibusdam

534 1351 830 1433 antiquis
866 1352 1118 1432 opinio,
1159 1349 1344 1433 quod
1383 1357 1544 1431 post
1579 1347 1844 1429 aliquot
1881 1347 2099 1410 millia
2132 1366 2467 1411 annorum
2498 1349 2775 1412 redituri

533 1456 767 1510 essent
797 1446 864 1508 in
886 1446 1100 1509 vitam
1123 1463 1316 1508 suam
1341 1444 1656 1527 priorem,
1684 1453 1757 1506 et
1790 1444 1856 1505 in
1882 1444 2115 1506 omnia
2136 1442 2278 1524 ejus
2303 1441 2478 1518 afta,
2503 1451 2575 1506 et
2608 1462 2777 1525 quo-

534 1561 663 1624 que
701 1541 882 1624 quod
919 1541 1286 1618 redierint;
1331 1539 1818 1603 concluserunt
1854 1539 1923 1601 id
1969 1559 2061 1602 ex
2099 1559 2205 1614 ee,
2245 1537 2429 1622 quod
2468 1537 2777 1622 quando-

532 1655 664 1719 que
723 1635 1081 1699 obvenerit
1145 1635 1246 1699 eis
1310 1633 1502 1716 quasi
1559 1634 1957 1698 recordatio
2010 1652 2255 1708 rerum,
2310 1653 2481 1716 quas
2538 1643 2773 1698 tamen

533 1747 864 1812 nusquam
911 1729 1228 1792 viderunt
1274 1739 1393 1792 aut
1437 1729 1893 1808 audiverunt3
1959 1728 2092 1793 hoc
2137 1726 2393 1793 factum
2439 1739 2571 1804 est,
2620 1730 2779 1812 quia

533 1825 807 1906 spiritus
836 1844 929 1888 ex
953 1845 1074 1888 sua
1105 1825 1434 1888 memoria
1462 1826 1532 1888 in
1563 1825 1757 1888 ideas
1774 1825 2244 1907 cogitationes
2266 1843 2503 1888 eorum
2526 1824 2773 1889 influx-

534 1929 753 1984 erunt.

657 2025 844 2098 257.
903 2011 1078 2079 Sunt
1123 2014 1333 2078 etiam
1379 2013 1676 2096 spiritus,
1717 2015 1829 2096 qui
1874 2023 2215 2078 vocantur
2250 2015 2527 2097 spiritus
2574 2025 2773 2079 natu-

534 2108 712 2172 rales
748 2119 819 2173 et
857 2111 1204 2192 corporei:
1253 2110 1352 2174 illi
1387 2127 1543 2173 curn
1581 2111 1668 2173 ad
1708 2111 2055 2174 hominem
2094 2111 2398 2186 veniunt,
2432 2129 2573 2174 non
2610 2129 2777 2174 con-

533 2203 822 2286 jungunt
883 2223 957 2266 se
1014 2223 1169 2267 cum
1216 2205 1642 2287 cogitatione
1702 2203 1845 2285 ejus
1902 2205 2079 2270 sicut
2134 2206 2251 2268 alii
2310 2206 2607 2287 spiritus»,
2654 2206 2776 2270 sed

535 2299 792 2362 intrant
837 2298 904 2362 in
943 2319 1187 2381 corpus
1223 2299 1389 2380 ejus,
1429 2308 1502 2363 et
1547 2309 1891 2381 occupant
1934 2317 2177 2364 omnes
2212 2299 2355 2380 ejus
2393 2319 2653 2376 sensus,
2694 2321 2773 2365 ac

535 2392 903 2474 loquuntur
935 2412 1055 2475 per
1083 2415 1164 2458 os
1199 2393 1362 2477 ejuS,
1397 2405 1470 2459 et
1501 2403 1720 2476 agunt
1758 2413 1879 2477 per
1908 2396 2213 2460 membra
2245 2395 2407 2478 ejus,
2442 2407 2605 2460 tunc
2638 2417 2775 2460 non

534 2486 730 2551 aliter
773 2489 1074 2552 scientes
1119 2507 1324 2572 quam
1385 2490 1567 2572 quod
1630 2491 1861 2554 omnia
1906 2490 2203 2554 hominis
2250 2511 2373 2555 sua
2431 2493 2605 2555 sint:
2681 2491 2776 2555 illi

535 2590 694 2645 sunt
747 2583 1021 2665 spiritus
1075 2585 1185 2667 qui
1246 2584 1568 2648 obsident
1625 2585 2017 2665 hominem3
2080 2587 2202 2649 sed
2250 2587 2319 2649 hi
2376 2607 2417 2650 a
2477 2585 2777 2650 Domino

535 2675 825 2767 conjecti
861 2688 1019 2741 sun-t
1056 2679 1123 2741 in
1162 2679 1517 2755 infernum,
1552 2690 1624 2744 et
1663 2681 1759 2744 sic
1806 2700 2079 2763 prorsus
2116 2682 2406 2760 remoti;
2454 2683 2635 2747 unde
2668 2693 2774 2747 ta-

535 2771 636 2835 les
672 2774 1108 2837 obsessiones
1145 2793 1284 2838 non
1321 2774 1526 2838 hodie
1563 2774 1945 2839 dantur.(²²)

1327 2972 1407 3025 (ιιι
1431 2982 1629 3017 aucam
1651 2976 1983 3027 camma.)

577 3154 604 3199 t
643 3074 778 3199 (ἷζε)
801 3071 1014 3215 (ριιῐεὲἆὲ
1037 3092 1161 3215 3011
1187 3074 1372 3131 hodie
1396 3076 1619 3131 dentur
1641 3076 2025 3133 obsessiones
2050 3087 2333 3133 externae
2358 3092 2465 3133 seu
2490 3079 2775 3150 corporis.

535 3161 574 3199 u
627 3160 668 3199 o
693 3162 772 3199 im
827 3162 884 3199 n.
1017 3163 1048 3216 3
1079 3188 1091 3202 .

643 3214 762 3271 Sed
801 3218 963 3287 quod
1003 3217 1185 3273 hodie
1211 3218 1431 3273 dentur
1459 3218 1841 3275 obsessiones
1874 3218 2162 3282 internae,
2188 3235 2343 3291 quae
2380 3219 2617 3283 mentis,
2644 3220 2777 3292 plus

535 3302 718 3358 quam
741 3286 888 3341 olim
920 3290 999 3355 (n.
1032 3290 1182 3358 1983,
1207 3292 1393 3357 4793).

643 3355 822 3429 Quod
841 3356 1024 3414 homo
1043 3360 1326 3415 obsessus
1339 3358 1420 3414 sit
1445 3359 1712 3423 interius.
1734 3376 1871 3416 cum
1893 3374 2139 3432 spurcas
2156 3360 2559 3447 cogitationes
2578 3360 2777 3425 habet,

535 3438 598 3485 et
627 3428 1014 3485 scandalosas
1043 3432 1119 3487 de
1153 3431 1300 3493 Deo,
1332 3440 1394 3485 et
1425 3431 1502 3487 de
1532 3432 1826 3502 proximo.
1854 3441 1919 3487 et
1955 3448 2091 3487 cum
2131 3433 2207 3487 ab
2244 3432 2361 3487 illis
2392 3433 2779 3504 propalandis

543 3500 740 3555 solum
759 3500 1068 3557 detinetur
1085 3518 1191 3571 per
1205 3502 1446 3557 vincula
1463 3513 1729 3565 externa,
1750 3518 1903 3573 quae
1922 3513 2063 3558 sunt
2081 3503 2265 3558 timor
2279 3500 2547 3575 jacturae
2567 3502 2776 3565 famae.

539 3572 802 3633 honoris.
830 3572 995 3633 lucri.
1020 3572 1189 3642 legis,
1214 3572 1374 3627 vitae
1403 3574 1485 3641 (n.
1517 3574 1695 3655 5990).

539 3716 562 3783 (
647 3642 737 3697 De
762 3642 1068 3781 spiritibus
1093 3644 1404 3700 diabolicis
1428 3660 1531 3715 qui
1558 3644 1875 3717 praecipue
1900 3643 2179 3699 obsident
2206 3644 2490 3700 interiora
2512 3644 2779 3701 hominis

565 3730 620 3769 ¹¹·
645 3726 787 3783 4793
817 3754 831 3768 ·

649 3783 738 3839 De
769 3784 1074 3855 spiritibus
1101 3784 1412 3841 diabolicis
1493 3784 1552 3841 ui
1590 3785 1845 3856 cupiunt
1875 3786 2151 3843 obsidere
2178 3787 2475 3843 exteriora
2499 3786 2775 3848 hominis.

537 3857 702 3927 quod
729 3855 914 3913 clausi
941 3856 1063 3912 sint
1091 3854 1152 3911 ln
1179 3854 1424 3913 infernis
1479 3872 1533 3913 n.
1562 3870 1717 3927 2752,
1748 3856 1927 3928 5990).

3344 1338 3352 1347 =
3335 690 3356 1287 p-—ssuffl

3334 4999 3352 5301 ——n———u
