3371 5304
1192 625 1293 677 nr:
1339 625 1874 677 mianum-rus
1917 626 2165 697 CAELL
2685 630 2722 677 2
2733 628 2814 697 59

565 795 907 852 innumeris.
984 794 1247 852 Locutus
1276 812 1411 851 sum
1440 812 1579 851 cum
1610 806 1854 853 nostrae
1882 796 2116 853 telluris
2145 796 2455 868 spiritibus
2483 796 2812 869 aliquoties

564 869 640 923 de
664 882 737 922 ea
762 882 853 930 re:
888 876 953 921 et
977 864 1225 930 dictum,
1244 867 1409 937 quod
1438 867 1622 923 homo
1646 868 1750 937 qui
1778 866 2088 924 intellectu
2109 867 2314 951 pollet,
2340 867 2493 923 scire
2520 868 2713 939 possit
2734 884 2814 924 ex

564 939 769 992 multis
791 954 947 1009 quae
970 938 1159 1000 novit,
1178 939 1343 1008 quod
1372 939 1571 1007 plures
1596 938 1842 993 tellures
1865 938 2004 1003 sint,
2028 949 2092 995 et
2117 938 2200 993 nbi
2225 938 2534 1003 homines;
2571 955 2708 993 nam
2735 956 2814 995 ex

562 1009 793 1063 ratione
822 1008 1101 1063 concludi
1132 1018 1355 1078 potest.
1382 1009 1545 1078 quod
1576 1018 1783 1064 tantae
1813 1010 2020 1071 moles,
2093 1020 2312 1065 uantae
2341 1019 2485 1065 sunt
2514 1008 2810 1080 planetae,

561 1094 821 1149 quorum
846 1078 1031 1148 aliqui
1058 1079 1471 1149 magnitudine
1496 1079 1798 1135 excedunt
1825 1079 1982 1135 hanc
2007 1089 2068 1135 te
2093 1080 2300 1141 iurem,
2323 1096 2444 1134 non
2470 1080 2594 1135 sint
2618 1080 2811 1137 moles

562 1164 803 1211 vacuae,
826 1160 891 1203 et
914 1159 1151 1205 creatae
1174 1159 1244 1205 ut
1274 1151 1459 1206 modo
1490 1149 1758 1205 ferantur
1787 1162 1852 1205 et
1879 1150 2221 1221 spatientur
2248 1151 2472 1205 circum
2503 1150 2712 1213 solem,
2737 1167 2810 1209 ac

561 1220 804 1275 luceant
820 1234 1015 1290 pauco
1040 1235 1151 1275 suo
1177 1220 1403 1275 lumine
1428 1235 1538 1291 pro
1563 1236 1683 1277 una
1707 1221 1937 1285 tellure,
1957 1222 2063 1277 sed
2089 1222 2249 1292 quod
2281 1221 2519 1276 illorum
2547 1238 2691 1277 usus
2718 1221 2809 1276 in-

560 1291 805 1363 signior,
823 1306 1002 1361 quam
1029 1290 1183 1353 talis,
1204 1300 1484 1362 oporteat
1509 1306 1659 1347 esse.
1735 1290 1854 1363 Qui
1875 1291 2084 1353 credit,
2104 1291 2259 1348 sicut
2285 1291 2420 1363 quis
2465 1308 2539 1346 ue
2563 1292 2808 1349 credere

560 1361 759 1423 debet,
785 1361 952 1432 quod
980 1360 1265 1415 Divinum
1294 1378 1416 1416 non
1444 1362 1738 1416 creaverit
1763 1362 2108 1417 universum
2137 1373 2383 1433 propter
2407 1379 2440 1417 a
2467 1363 2586 1416 ium
2621 1361 2804 1419 finem

559 1448 738 1503 quam
766 1442 835 1486 ut
860 1431 1189 1487 humanum
1210 1448 1400 1505 genus
1424 1433 1663 1495 existat,
1684 1444 1748 1488 et
1775 1433 1914 1488 inde
1939 1434 2190 1495 caelum,
2213 1449 2349 1488 nam
2376 1449 2570 1505 genus
2595 1433 2807 1488 huma-

560 1518 703 1557 num
740 1512 835 1557 ωε
870 1503 1261 1557 seminarium
1297 1502 1463 1565 caeli,
1496 1503 1546 1557 is
1576 1520 1699 1559 non
1813 1512 1936 1559 test
1967 1520 2087 1558 non
2125 1506 2387 1567 credere,
2418 1520 2600 1576 quam
2637 1505 2806 1575 quod

558 1573 835 1629 homines
862 1572 1003 1635 sint..
1031 1572 1376 1643 ubicunque
1410 1573 1611 1646 aliqua
1646 1519 1846 1631 telffs.
1920 1573 2102 1647 Quod
2133 1574 2429 1645 planetae.
2461 1575 2564 1645 qui
2601 1590 2804 1629 coram

558 1644 749 1701 oculis
774 1643 1000 1699 nostris
1024 1644 1288 1699 visibiles
1330 1656 1490 1706 sunt,
1516 1646 1658 1716 quia
1703 1647 1862 1701 intra
1884 1646 2177 1701 terminos
2202 1646 2410 1699 mundi
2437 1644 2618 1717 hujus
2643 1645 2804 1709 solis,

559 1715 803 1769 tellures
838 1714 975 1777 sint,
1008 1714 1324 1769 manifeste
1362 1715 1501 1770 sciri
1540 1726 1744 1785 potest
1781 1732 1854 1771 ex
1891 1732 1981 1777 eo.
2011 1716 2174 1799 quod
2213 1730 2468 1786 corpora
2503 1716 2806 1773 terrestris

558 1786 841 1841 materiae
866 1786 1005 1849 sint,
1024 1786 1166 1868 quia
1188 1786 1333 1841 solis
1352 1787 1555 1841 lumen
1576 1786 1914 1851 reflectunt,
1931 1799 1997 1843 et
2023 1785 2274 1857 inspec’ti
2301 1803 2410 1857 per
2431 1786 2588 1843 vitra
2602 1787 2807 1856 optica

558 1872 679 1911 non
698 1866 989 1940 apparent
1006 1866 1164 1911 sicut
1182 1858 1393 1913 stellae
1412 1857 1576 1911 rutili
1597 1874 1670 1912 ex
1691 1858 1948 1921 flamma,
1967 1859 2072 1913 sed
2099 1858 2258 1913 sicut
2279 1868 2474 1913 terrae
2493 1874 2568 1913 ex
2587 1860 2804 1913 obscu-

557 1926 638 1982 ris
660 1928 981 1998 variegati;
1018 1936 1147 1981 tum
1174 1943 1247 1981 ex
1272 1943 1363 1989 eo,
1390 1928 1553 2011 quod
1588 1927 1691 1991 illi,
1719 1928 1992 1984 similiter
2017 1944 2088 1985 ac
2113 1938 2322 1983 nostra
2351 1928 2548 1989 tellus.
2577 1929 2802 1982 circum

556 1998 747 2053 solem
772 1998 1042 2053 ferantur
1064 2008 1127 2053 et
1151 1999 1611 2070 progrediantur
1632 2000 1731 2054 via
1755 1999 2005 2062 zodiaci.
2023 2009 2087 2054 et
2113 1999 2251 2055 inde
2274 1999 2500 2055 faciant
2522 2014 2715 2055 annos
2739 2009 2802 2054 et

555 2070 697 2123 anni
728 2079 1021 2139 tempora,
1050 2084 1205 2139 quae
1232 2080 1375 2124 sunt
1400 2086 1525 2133 ver,
1555 2080 1770 2133 aestas,
1799 2081 2125 2127 autumnus
2153 2082 2219 2127 et
2254 2070 2476 2134 hiems;
2525 2070 2804 2127 similiter

596 2140 717 2195 uod
754 2140 977 2195 circum
1006 2156 1180 2195 axem
1211 2156 1403 2203 suum.
1432 2140 1653 2211 pariter
1682 2158 1754 2196 ac
1786 2152 1994 2197 nostra
2021 2140 2217 2204 tellus,
2249 2152 2540 2203 rotentur,
2565 2150 2627 2196 et
2658 2141 2802 2197 inde

577 2208 776 2265 aciant
802 2212 946 2273 dies,
974 2220 1038 2265 et
1072 2209 1193 2265 diei
1229 2220 1353 2265 tem
1398 2227 1521 2274 ora,
1554 2227 1771 2282 nempe
1809 2228 2000 2275 mane,
2031 2212 2362 2275 meridiem,
2392 2226 2706 2282 vesperam
2734 2222 2800 2267 et

556 2280 823 2344 nostem:
860 2292 923 2336 et
943 2283 1187 2351 insuper
1210 2298 1289 2353 qu
1399 2282 1583 2354 aliqui
1608 2298 1818 2337 eorum
1845 2284 2104 2338 habeant
2127 2285 2318 2345 lunas,
2335 2298 2491 2353 quae
2508 2292 2802 2338 vocantur

554 2352 861 2415 satellites,
892 2363 956 2408 et
981 2352 1205 2407 circum
1244 2354 1450 2407 orbem
1483 2370 1659 2408 suum
1691 2354 1868 2409 statis
1897 2355 2274 2424 temporibus
2451 2362 2606 2417 ntur,
2638 2353 2799 2410 sicut

554 2423 695 2477 luna
717 2424 941 2478 circum
972 2432 1281 2487 nostrum;
1318 2435 1380 2478 et
1409 2426 1570 2494 quod
1604 2424 1848 2494 planeta
1878 2423 2191 2493 Saturnus,
2217 2424 2358 2495 quia
2408 2422 2738 2494 ongissime
2763 2440 2800 2479 a

554 2494 678 2547 sole
723 2494 927 2558 distat,
968 2494 1190 2549 habeat
1231 2510 1473 2565 quoque
1515 2494 1822 2565 cingulum
1871 2510 2154 2579 magnum
2200 2495 2584 2557 luminosum,
2628 2496 2798 2566 quod

554 2565 802 2619 multam
830 2566 1042 2627 lucem,
1068 2566 1312 2620 tametsi
1338 2566 1637 2627 reflexam,
1664 2566 1864 2621 telluri
1891 2566 1992 2621 isti
2017 2566 2140 2622 dat.
2214 2564 2367 2637 Quis
2393 2582 2667 2636 usquam,
2691 2566 2798 2638 qui

554 2635 701 2692 haec
738 2637 925 2700 novit,
955 2645 1019 2692 et
1054 2652 1131 2692 ex
1168 2636 1399 2692 ratione
1436 2637 1683 2710 cogitat,
1715 2637 1914 2694 dicere
1952 2646 2183 2710 potest„
2203 2637 2366 2708 quod
2407 2636 2555 2692 haec
2595 2636 2800 2694 inania

550 2722 805 2778 corpora
820 2705 985 2764 sint?
1062 2706 1315 2780 Insuper
1338 2724 1476 2762 cum
1502 2709 1812 2780 spiritibus
1831 2709 2070 2764 locutus
2089 2725 2239 2770 sum.
2259 2708 2422 2778 quod
2450 2709 2524 2761 ab
2550 2706 2797 2764 homine

550 2777 713 2831 credi
745 2789 929 2849 queat
956 2780 1122 2848 quod
1173 2778 1234 2832 in
1275 2778 1557 2834 universo
1582 2779 1706 2834 sint
1735 2779 1983 2835 tellures
2013 2779 2214 2850 plures
2241 2795 2419 2850 quam
2454 2794 2590 2840 una,
2615 2794 2691 2834 ex
2721 2795 2798 2834 eo

550 2849 713 2917 quod
737 2850 969 2904 caelum
995 2848 1335 2906 astriferum
1356 2859 1481 2904 tam
1505 2851 1862 2906 immensum
1889 2851 1984 2914 sit,
2003 2865 2076 2906 ac
2099 2860 2195 2906 tot
2223 2849 2688 2904 innumerabiles
2713 2849 2796 2906 ibi

550 2918 777 2982 stellae,
803 2936 1057 2991 quarum
1085 2921 1449 2991 unaquaevis
1477 2921 1537 2974 in
1563 2937 1675 2976 suo
1697 2922 1833 2994 loco
1857 2937 1966 2978 seu
1994 2921 2052 2975 in
2079 2937 2191 2976 suo
2219 2921 2447 2974 mundo
2472 2930 2566 2974 est
2592 2920 2698 2982 sol,
2725 2937 2797 2978 ac

553 2989 741 3044 instar
769 2992 959 3046 nostri
991 2991 1149 3054 solis,
1183 2991 1243 3044 in
1274 2991 1437 3046 varia
1474 2993 1922 3063 magnitudine:
1959 2991 2063 3062 qui
2095 2992 2207 3046 rite
2239 2990 2538 3060 expendit,
2571 2991 2620 3046 is
2649 3005 2796 3046 con-

549 3059 756 3124 cludit,
782 3063 945 3131 quod
974 3071 1170 3117 totum
1204 3061 1351 3116 illud
1381 3070 1507 3116 tam
1540 3064 1900 3118 immensum
1933 3079 2054 3118 non
2199 3062 2280 3117 sit
2305 3077 2428 3117 non
2454 3077 2588 3116 esse
2611 3077 2794 3133 quam

550 3130 817 3186 medium
840 3133 918 3188 ad
961 3132 1141 3188 finem
1168 3133 1271 3203 qui
1302 3133 1549 3188 ultimus
1579 3135 1922 3197 creationis,
1947 3134 2050 3205 qui
2126 3133 2216 3188 nis
2247 3142 2340 3188 est
2370 3148 2620 3204 regnum
2660 3148 2796 3188 cae-

548 3202 718 3266 leste,
746 3202 807 3256 in
843 3220 966 3274 quo
1006 3203 1292 3260 Divinum
1332 3220 1469 3258 cum
1506 3204 1737 3276 angelis
1774 3214 1837 3259 et
1873 3203 2219 3260 hominibus
2257 3204 2530 3258 habitare
2609 3213 2794 3260 otest.

552 3271 912 3328 Universum
932 3275 1093 3329 enim
1120 3271 1497 3344 aspestabile.
1518 3291 1623 3330 seu
1645 3275 1877 3330 caelum
1899 3275 2128 3330 illustre
2145 3285 2241 3329 tot
2261 3275 2572 3328 innumera
2615 3273 2794 3330 ilibus

548 3343 753 3406 stellis,
780 3359 934 3415 quae
958 3355 1101 3400 sunt
1126 3345 1383 3400 totidem
1409 3347 1584 3408 soles.
1604 3356 1702 3400 est
1725 3347 1911 3402 modo
1937 3346 2202 3402 medium
2230 3355 2298 3399 ut
2321 3345 2588 3402 existant
2615 3346 2794 3400 tellu-

550 3429 659 3477 res,
674 3425 737 3470 et
760 3431 941 3485 super
964 3417 1081 3472 illis
1106 3416 1397 3480 homines,
1416 3433 1489 3472 ex
1514 3417 1733 3487 quibus
1759 3433 2008 3489 regnum
2029 3417 2306 3473 caeleste.
2383 3415 2470 3470 Ex
2495 3415 2590 3470 his
2612 3415 2792 3471 ratio-

548 3485 698 3540 nalis
726 3486 912 3542 homo
950 3503 1071 3541 non
1104 3487 1279 3542 aliter
1306 3487 1575 3560 cogitare
1614 3498 1834 3558 potest,
1860 3504 2040 3559 quam
2069 3488 2233 3559 quod
2264 3497 2388 3542 tam
2429 3487 2790 3541 immensum

548 3555 813 3611 medium
840 3557 915 3612 ad
934 3567 1177 3612 tantum
1204 3557 1402 3621 finem,
1424 3575 1545 3613 non
1572 3557 1798 3612 facium
1819 3559 1900 3613 sit
1918 3573 2028 3628 pro
2045 3559 2312 3613 humano
2337 3573 2556 3629 genere
2575 3573 2650 3612 ex
2669 3573 2790 3612 una

544 3626 778 3683 tellure.
850 3626 1015 3753 ἓιιίᾱ
1047 3630 1165 3684 hoc
1195 3628 1351 3684 foret
1392 3645 1503 3700 pro
1536 3628 1776 3692 Divino.
1802 3630 1968 3700 quod
2007 3628 2326 3692 infinitum,
2357 3628 2453 3682 cui
2486 3643 2696 3700 parum
2727 3639 2790 3684 et

544 3696 647 3752 vix
668 3699 747 3752 ali
792 3699 853 3753 ui
926 3711 1133 3756 essent
1156 3700 1359 3764 millia,
1388 3701 1573 3755 immo
1600 3700 1895 3772 myriades
1926 3700 2224 3760 tenuram,
2251 3709 2316 3755 et
2338 3714 2552 3754 omnes
2575 3698 2789 3769 plenae

548 3765 757 3825 incolis
874 3769 1029 3825 Sunt
1065 3771 1326 3842 spiritus,
1353 3787 1609 3841 quorum
1636 3771 1881 3826 unicum
1912 3770 2178 3826 studium
2210 3781 2304 3825 est
2335 3769 2448 3824 sibi
2475 3769 2788 3838 acquirere

544 3839 936 3911 cognitiones,
972 3842 1115 3913 quia
1164 3842 1281 3896 illis
1320 3842 1466 3896 solis
1501 3840 1906 3905 delectantun
1955 3841 2074 3896 illis
2113 3841 2425 3912 spiritibus
2471 3840 2610 3894 ideo
2645 3839 2788 3896 licet

542 3909 990 3983 circumvagari,
1012 3923 1075 3967 et
1099 3927 1339 3984 quoque
1364 3923 1535 3967 extra
1558 3912 1742 3968 hu‘us
1767 3911 1912 3968 solis
1938 3912 2233 3968 mundum
2253 3911 2506 3966 transire
2533 3911 2592 3964 in
2619 3911 2785 3974 alios,

542 3996 613 4036 ac
643 3981 755 4039 sibi
784 3983 1163 4054 cognitiones
1194 3999 1559 4053 comparare.
1702 3983 1716 4038 i
1757 3983 2054 4044 dixerunt.
2086 3982 2248 4053 quod
2281 3998 2404 4036 non
2437 3981 2632 4036 solum
2664 3982 2788 4037 sint

542 4052 805 4114 tellures,
825 4069 1005 4123 super
1021 4053 1239 4125 quibus
1264 4054 1557 4116 homines,
1580 4053 1637 4107 in
1664 4053 1784 4109 hoc
1809 4054 1986 4109 solari
2015 4054 2258 4115 mundo,
2281 4053 2385 4109 sed
2415 4053 2596 4107 etiam
2617 4063 2784 4108 extra

542 4137 696 4185 eum,
718 4125 779 4178 in
798 4126 967 4179 caelo
986 4125 1279 4186 astrifero.
1303 4126 1597 4180 immenso
1616 4141 1902 4188 numero:
1940 4125 2002 4180 hi
2023 4125 2266 4194 spiritus
2290 4133 2432 4179 sunt
2449 4139 2526 4179 ex
2545 4123 2786 4194 planeta

546 4191 840 4250 Mercurii.
916 4195 1201 4251 Calculus
1220 4195 1405 4251 initus
1420 4206 1530 4258 est,
1546 4196 1597 4250 si
1616 4195 1819 4251 forent
1845 4209 2124 4259 1,0oo,000
2140 4196 2384 4250 tellures
2407 4192 2467 4248 in
2487 4193 2785 4254 universo.

542 4273 606 4320 et
630 4265 691 4320 in
716 4267 1049 4337 unaquavis
1073 4266 1289 4322 tellure
1315 4266 1592 4321 homines
1620 4282 1872 4321 numero
1900 4281 2272 4335 3oo‚000,000,
2299 4281 2408 4321 seu
2435 4279 2542 4334 300
2565 4265 2786 4322 millio-

542 4349 665 4398 nes,
682 4347 747 4391 et
772 4351 878 4391 200
892 4337 1312 4409 generationes
1338 4337 1493 4393 intra
1517 4337 1661 4391 6000
1676 4352 1890 4400 annos,
1907 4347 1970 4392 et
1986 4337 2204 4407 cuique
2228 4335 2462 4391 homini
2481 4350 2588 4390 seu
2611 4335 2785 4406 spiri-

540 4407 629 4461 tui
658 4407 905 4464 daretur
938 4409 1197 4479 spatium
1232 4409 1417 4464 trium
1456 4407 1734 4463 ulnarum
1770 4408 2132 4471 cubicarum,
2206 4408 2328 4462 uod
2367 4422 2650 4462 numerus
2687 4416 2786 4464 tot

540 4477 851 4534 hominum
878 4495 983 4535 seu
1010 4479 1328 4550 spirituum
1364 4479 1422 4534 in
1456 4495 1635 4534 unam
1668 4495 1966 4534 summam
1991 4477 2145 4533 colle
2211 4495 2281 4532 us
2305 4493 2430 4533 non
2455 4493 2646 4548 usque
2673 4477 2784 4532 im-

540 4549 733 4618 pleret
768 4551 1029 4621 spatium
1068 4551 1248 4621 hujus
1283 4549 1532 4612 telluris,
1558 4565 1626 4604 ac
1656 4550 1757 4605 vix
1797 4549 1955 4604 ultra
1991 4549 2253 4619 spatium
2290 4549 2468 4604 unius
2505 4547 2784 4604 satellitis

536 4620 761 4678 circum
804 4622 1093 4693 planetas.
1125 4622 1289 4692 quod
1326 4621 1483 4676 foret
1518 4621 1782 4692 spatium
1821 4621 1883 4676 in
1921 4620 2204 4676 universo
2240 4619 2554 4690 parvitatis
2593 4635 2784 4690 paene
