3371 5304
579 656 770 721 QUID
802 654 1011 706 IGNIS
1042 651 1530 716 INFERNALIS,
1565 651 1664 702 ΕΤ
1696 650 1883 716 QUID
1916 649 2250 703 STRIDOR
2282 651 2659 704 DENTIUM.
2702 638 2823 721 367

691 827 906 910 369.
966 825 1158 909 Ignis
1195 845 1319 889 seu
1355 841 1548 889 amor
1577 815 1931 888 infernalis
1962 841 2057 887 ex
2092 821 2298 886 simili
2330 821 2599 904 origine
2636 823 2822 886 exis-

570 922 680 997 tit,
719 942 813 986 ex
849 941 986 1004 qua
1021 921 1200 1002 ignis
1237 939 1358 984 seu
1392 939 1588 984 amor
1623 917 1976 992 caelestis,
2014 938 2265 1001 nempe
2300 937 2395 982 ex
2440 916 2611 983 Sole
2644 917 2821 982 caeli

567 1037 686 1083 seu
725 1017 1070 1096 Domino;
1117 1015 1240 1080 sed
1277 1014 1354 1080 fit
1391 1014 1741 1079 infernalis
1778 1015 1871 1078 ab
1902 1012 2039 1078 illis
2076 1015 2189 1096 qui
2226 1015 2567 1096 recipiunt
2597 1033 2612 1076 :
2662 1032 2821 1076 nam

567 1113 792 1178 omnis
835 1111 1134 1176 influxus
1179 1131 1218 1176 e
1263 1108 1599 1193 spirituali
1646 1109 1905 1174 mundo
1948 1109 2251 1173 variatur
2288 1109 2667 1174 secundum
2714 1131 2821 1174 re·

567 1209 978 1292 ceptionem,
1014 1227 1133 1270 seu
1165 1207 1540 1270 secundum
1566 1204 1821 1268 formas
1852 1205 1922 1268 in
1954 1222 2121 1287 quas
2146 1204 2405 1283 influit3
2454 1224 2594 1267 non
2620 1204 2821 1270 aliter

569 1323 648 1367 ac
689 1303 867 1366 sicut
903 1299 1094 1367 calor
1130 1310 1202 1366 et
1242 1301 1362 1364 lux
1409 1321 1448 1366 e
1493 1300 1644 1365 sole
1683 1301 1958 1364 mundi:
2008 1299 2199 1364 calor
2228 1299 2387 1364 inde
2425 1297 2715 1365 influens
2754 1301 2822 1365 in

566 1399 892 1463 arboreta
926 1405 1000 1462 et
1037 1395 1284 1461 floreta
1319 1395 1638 1477 producit
1668 1396 2212 1479 vegetationem,
2247 1404 2321 1460 et
2349 1415 2623 1478 quoque
2653 1395 2821 1460 edu·

567 1495 663 1559 cit
709 1494 960 1560 odores
1005 1501 1246 1576 gratos
1306 1502 1380 1557 et
1433 1511 1727 1571 suaves;
1796 1499 1869 1556 at
1928 1491 2113 1556 idem
2160 1491 2370 1568 calor,
2418 1491 2707 1558 influens
2751 1494 2821 1556 in

566 1589 1100 1653 excrementitia
1136 1597 1212 1653 et
1247 1588 1674 1653 cadaverosa
1720 1587 2037 1669 producit
2074 1587 2498 1670 putredines,
2538 1607 2618 1651 ac
2653 1587 2821 1651 edu-

567 1686 662 1750 cit
697 1684 970 1748 nidores
1001 1683 1494 1768 graveolentes
1530 1692 1600 1746 et
1637 1692 1957 1766 putores:
1999 1683 2254 1765 pariter
2286 1681 2409 1746 lux
2442 1703 2534 1746 ex
2570 1684 2819 1748 eodem

567 1779 714 1844 sole
759 1781 828 1844 in
874 1800 1012 1844 uno
1056 1777 1365 1861 subjecto
1412 1778 1731 1861 producit
1778 1777 2049 1844 colores
2095 1777 2419 1862 pulchros
2462 1788 2537 1842 et
2583 1798 2819 1842 amoe-

568 1896 734 1954 nos3
789 1877 858 1940 in
904 1875 1127 1938 altero
1163 1874 1582 1958 impulchros
1626 1883 1701 1938 et
1746 1873 2169 1938 inamoenos.
2262 1871 2593 1938 Similiter
2629 1873 2821 1938 calor

565 1983 640 2037 et
686 1971 808 2034 lux
853 1991 946 2036 ex
992 1966 1156 2036 Sole
1191 1969 1390 2047 caeli,
1429 1970 1544 2053 qui
1589 1979 1699 2033 est
1734 1988 1971 2033 amor:
2034 1987 2189 2032 cum
2234 1967 2425 2032 calor
2462 1989 2582 2032 seu
2627 1989 2821 2034 amor

567 2068 728 2131 inde
766 2064 982 2130 influit
1020 2067 1087 2128 in
1127 2065 1330 2140 bona,
1366 2074 1443 2129 ut
1480 2065 1663 2148 apud
1704 2063 2021 2127 homines
2058 2072 2131 2127 et
2169 2065 2449 2147 spiritus
2480 2065 2701 2128 bonos
2737 2083 2817 2129 ac

567 2162 746 2245 apud
774 2158 1086 2242 angelos,
1119 2157 1480 2225 fructificat
1511 2157 1784 2224 illorum
1808 2159 2033 2238 bona;
2079 2167 2154 2224 at
2187 2179 2339 2224 cum
2362 2158 2543 2242 apud
2572 2158 2818 2236 malos,

568 2257 992 2322 contrarium
1031 2253 1346 2320 effectum
1384 2256 1579 2335 edit;
1642 2254 1825 2319 mala
1862 2256 2047 2319 enim
2091 2253 2204 2319 vel
2242 2253 2581 2319 suffocant
2625 2255 2819 2319 illum

565 2349 677 2416 vel
711 2360 1118 2436 pervertunt
1150 2351 1384 2415 illum:
1433 2349 1692 2434 pariter
1725 2348 1849 2414 lux
1881 2349 2078 2426 caeli,
2112 2349 2275 2414 dum
2308 2349 2525 2415 influit
2557 2350 2627 2413 in
2657 2370 2821 2414 vera

567 2448 752 2522 boni,
788 2447 908 2510 dat
945 2445 1487 2528 intelligentiam
1524 2455 1598 2510 et
1635 2445 2047 2528 sapientiam
2081 2465 2097 2523 ;
2146 2464 2301 2509 cum
2335 2454 2567 2508 autem
2598 2443 2819 2510 influit

568 2543 634 2605 in
673 2542 847 2605 salsa
879 2541 1063 2616 mali,
1098 2541 1390 2606 vertitur
1421 2541 1513 2605 ibi
1550 2541 1618 2604 in
1655 2541 1959 2604 insanias
1992 2549 2063 2604 et
2096 2541 2261 2603 varii
2292 2540 2565 2623 generis
2596 2539 2817 2623 phan-

569 2639 804 2703 tasias,
895 2638 1008 2702 Ita
1046 2637 1265 2701 ubivis
1301 2637 1681 2701 secundum.
1719 2637 2205 2720 receptionem.

692 2746 896 2816 370.
957 2731 1146 2815 Ignis
1183 2732 1554 2809 infernaliS,
1595 2732 1756 2814 quia
1792 2741 1901 2796 est
1938 2749 2131 2795 amor
2166 2730 2267 2795 sui
2303 2739 2377 2795 et
2423 2731 2679 2807 mundi,
2717 2731 2820 2796 ita

568 2838 678 2893 est
723 2829 950 2892 omnis
987 2828 1331 2911 cupiditas
1367 2847 1542 2910 quae
1579 2827 1854 2891 illorum
1891 2845 2225 2901 amorum,
2263 2828 2591 2909 quoniam
2629 2828 2817 2910 cupi-

568 2924 753 2989 ditas
800 2932 910 2987 est
955 2942 1152 2987 amor
1209 2924 1277 2987 in
1339 2942 1464 2987 suo
1509 2924 1862 2998 continuo,
1912 2940 2072 2986 nam
2117 2923 2301 3004 quod
2366 2921 2579 2986 homo
2624 2933 2819 2988 amat

565 3019 698 3084 hoc
733 3020 1060 3083 continue
1100 3020 1339 3101 cupit3
1401 3028 1475 3083 et
1521 3036 1791 3103 quoque
1828 3026 1937 3081 est
1974 3016 2393 3098 jucunditaS,
2433 3037 2592 3082 nam
2630 3019 2818 3101 quod

565 3114 777 3180 homo
809 3124 998 3180 amat
1030 3134 1150 3179 seu
1189 3115 1402 3197 cupit,
1449 3132 1606 3179 cum
1639 3115 1709 3177 id
1748 3113 2045 3188 obtinet,
2074 3112 2448 3195 jucundum
2482 3114 2770 3197 percipit
2800 3134 2817 3194 ;

569 3231 709 3277 non
733 3211 1006 3276 aliunde
1040 3220 1150 3275 est
1179 3210 1440 3275 homini
1464 3210 1839 3292 jucundum
1871 3210 2117 3274 cordis.
2206 3208 2339 3273 Est
2376 3212 2611 3293 itaque
2639 3212 2820 3293 ignis

565 3306 916 3372 infernalis
952 3307 1296 3390 cupiditas
1333 3316 1410 3370 et
1438 3306 1859 3387 jucunditas,
1892 3325 2068 3389 quae
2106 3326 2195 3369 ex
2236 3306 2413 3369 binis
2449 3306 2587 3369 illis
2624 3326 2817 3371 amo·

565 3402 774 3479 ribus,
823 3412 899 3467 ut
962 3423 1005 3467 a
1069 3402 1210 3466 suis
1254 3401 1654 3485 originibus,
1702 3401 2106 3466 scaturiunt.
2198 3400 2386 3465 Mala
2450 3400 2573 3465 illa
2630 3412 2815 3476 sunt,

567 3508 1018 3589 contemptus
1065 3498 1374 3573 aliorum,
1423 3496 1781 3561 inimicitia
1831 3506 1904 3561 et
1972 3496 2615 3561 hostilitas-contra
2660 3496 2817 3561 illos

567 3592 681 3675 qui
719 3592 846 3656 sibi
886 3613 1022 3657 non
1060 3592 1346 3671 favent3
1395 3602 1504 3655 est
1541 3593 1817 3666 invidia,
1853 3591 2107 3667 odium,
2147 3600 2220 3655 et
2259 3589 2583 3667 vindicta,
2618 3602 2688 3655 et
2724 3612 2817 3655 ex

566 3685 676 3750 his
714 3688 1014 3752 saevitia
1059 3697 1135 3752 et
1181 3688 1608 3766 crudelitas;
1665 3697 1741 3751 et
1782 3687 2011 3769 quoad
2050 3685 2399 3761 Divinum,
2443 3698 2551 3749 est
2594 3704 2817 3769 nega-

567 3783 688 3861 tio,
731 3789 804 3848 et
852 3782 1016 3849 inde
1064 3794 1533 3867 contemptus,
1582 3782 1809 3847 irrisio
1854 3792 1927 3847 et
1976 3780 2493 3864 blasphematio
2538 3776 2817 3845 sanEto-

568 3898 742 3955 rum,
784 3900 960 3963 quae
998 3889 1160 3945 sunt
1200 3880 1563 3957 ecclesiae,
1605 3900 1781 3962 quae
1830 3887 1993 3962 post
2040 3887 2363 3953 mortem,
2406 3894 2563 3941 cum
2604 3876 2817 3941 homo

567 3972 644 4038 fit
685 3975 985 4058 spirituS,
1022 3986 1386 4041 vertuntur
1424 3976 1493 4039 in
1531 3977 1702 4042 iram
1740 3984 1813 4041 et
1844 3975 2077 4040 odium
2110 3984 2359 4040 contra
2396 3973 2513 4037 illa
2551 3968 2815 4056 (videa-

568 4079 682 4133 tur
746 4091 974 4153 supra,
1023 4091 1089 4135 n.
1141 4070 1314 4153 562).
1404 4070 1500 4136 Et
1561 4072 1719 4155 quia
1766 4070 1949 4135 mala
2002 4070 2124 4135 illa
2169 4070 2506 4133 continuo
2552 4070 2818 4150 spirant

570 4162 1118 4231 destructionem
1180 4178 1252 4233 et
1312 4166 1736 4232 occisionem
1784 4166 2055 4230 illorum
2102 4186 2275 4249 quos
2339 4184 2464 4247 pro
2525 4164 2817 4229 inimicis

567 4260 858 4337 habent,
899 4273 969 4327 et
1019 4264 1088 4327 in
1135 4282 1308 4347 quos
1352 4263 1516 4327 odio
1563 4272 1636 4327 et
1681 4259 1985 4327 vindicta
2028 4260 2349 4344 flagrant,
2398 4270 2819 4343 quapropter

562 4354 939 4437 jucundum
975 4357 1162 4421 vitae
1194 4376 1429 4422 eorum
1469 4366 1581 4422 est
1618 4356 1799 4421 velle
1833 4356 2187 4421 destruere
2221 4365 2293 4419 et
2332 4355 2693 4433 occidere;
2742 4366 2817 4420 et

569 4460 903 4531 quantum
944 4470 1082 4517 non
1119 4451 1252 4518 hoc
1291 4460 1607 4536 possunt,
1647 4451 1833 4516 velle
1871 4451 2195 4515 damnum
2235 4450 2501 4526 inferre,
2542 4468 2814 4525 nocere,

569 4551 643 4606 et
710 4546 994 4611 saevire.
1089 4540 1287 4611 Haec
1333 4556 1494 4611 sunt
1549 4566 1725 4628 quae
1771 4544 2260 4629 intelliguntur
2306 4565 2428 4627 per
2477 4542 2817 4627 “ignem”

570 4639 636 4702 in
670 4639 928 4720 Verb0,
964 4640 1078 4707 ubi
1115 4641 1202 4707 de
1236 4640 1433 4707 malis
1465 4650 1537 4706 et
1576 4641 1663 4706 de
1697 4640 1977 4707 infernis
2008 4642 2257 4724 agitur,
2293 4660 2385 4705 ex
2421 4658 2559 4725 quo
2590 4638 2815 4722 aliqua
