3371 5304
549 529 568 594 ¹.
582 527 667 592 70
1195 523 1296 576 nt:
1341 521 1596 574 cauo
1642 523 1741 574 ET
1788 520 2151 574 ιΝιτεκΝο.

537 717 750 764 verna
787 694 910 762 dat
943 694 1374 760 fertilitatem
1413 694 1646 771 humo,
1674 703 1748 761 et
1778 715 2049 776 quoque
2080 692 2259 758 indit
2292 691 2789 758 amoenitatem

539 792 888 858 mentibus
941 791 1298 868 humanis;
1365 799 1438 856 et
1493 790 1626 854 hoc
1685 789 1867 864 ideo,
1906 789 2065 873 quia
2110 808 2313 854 mane
2370 808 2493 852 seu
2545 807 2791 852 aurora

536 896 850 970 tempore
874 887 1052 952 veris
1077 885 1574 972 correspondet
1597 886 1811 950 statui
1842 885 2033 968 pacis
2063 883 2467 966 angelorum
2492 883 2561 948 in
2592 882 2790 948 caelo

542 981 891 1057 (videatur
927 1003 992 1046 n.
1041 995 1114 1064 15
1125 978 1274 1065 5).(⁸³

663 1093 872 1160 290·
931 1076 1240 1142 Locutus
1283 1077 1496 1142 etiam
1539 1093 1693 1142 sum
1738 1094 1894 1140 cum
1946 1073 2217 1158 angelis
2274 1074 2363 1140 de
2422 1093 2633 1158 pace3
2717 1083 2791 1137 et

537 1173 708 1249 dixi,
735 1172 917 1256 quod
949 1174 1020 1236 in
1051 1173 1310 1237 mundo
1333 1173 1604 1236 dicatur
1634 1192 1779 1254 pax
1808 1191 1963 1236 cum
1996 1180 2277 1236 cessant
2309 1169 2496 1235 bella
2526 1179 2600 1235 et
2622 1168 2785 1234 hos·

537 1268 840 1334 tilitates
894 1268 1078 1334 inter
1121 1287 1357 1349 regna,
1404 1275 1476 1332 et
1533 1285 1691 1332 cum
1748 1275 2032 1332 cessant
2082 1265 2479 1331 inimicitiae
2523 1274 2598 1330 et
2646 1265 2787 1330 dis·

537 1354 816 1428 c‘ordiae
847 1363 1032 1428 inter
1055 1363 1370 1428 homines
1401 1386 1416 1441 ;
1463 1372 1538 1427 et
1569 1363 1757 1445 quod
1780 1362 2105 1426 credatur
2126 1361 2311 1444 quod
2344 1381 2485 1444 pax
2516 1362 2789 1426 interna

540 1460 630 1524 sit
663 1459 930 1541 requies
961 1458 1170 1524 animi
1205 1477 1297 1522 ex
1333 1459 1620 1523 remotis
1653 1459 1852 1533 curis,
1886 1467 1960 1522 et
2005 1458 2371 1539 praecipue
2403 1455 2785 1539 tranquilli·

540 1563 648 1618 tas
684 1562 758 1617 et
789 1553 1184 1635 jucunditas
1219 1575 1313 1618 ex
1347 1573 1670 1618 successu
1701 1572 1962 1616 rerum:
2012 1551 2136 1616 sed
2172 1551 2405 1634 angeli
2436 1553 2787 1627 dixerunt,

539 1645 726 1730 quod
755 1649 946 1731 quies
977 1649 1208 1724 animi,
1243 1659 1314 1714 et
1351 1648 1817 1731 tranquillitas
1848 1657 1921 1715 et
1946 1647 2347 1729 jucunditas
2374 1668 2467 1711 ex
2502 1647 2787 1712 remotis

539 1742 720 1806 curis
755 1753 827 1806 et
875 1765 966 1808 ex
1013 1764 1335 1809 successu
1369 1764 1592 1810 rerum
1630 1753 2013 1826 appareant
2060 1752 2137 1809 ut
2182 1744 2395 1826 paciS,
2434 1741 2557 1806 sed
2603 1743 2786 1826 quod

541 1856 679 1902 non
719 1848 882 1902 sunt
911 1839 1100 1922 pacis
1143 1840 1272 1905 nisi
1313 1860 1521 1924 quam
1557 1839 1741 1922 apud
1786 1838 1947 1904 illos
1992 1839 2106 1921 qui
2150 1839 2219 1901 in
2266 1840 2453 1903 bono
2498 1837 2787 1903 caelesti

541 1943 724 2008 sunt,
763 1936 1087 2016 quoniam
1132 1956 1275 2019 pax
1321 1957 1460 2002 non
1495 1936 1703 2002 datur
1744 1954 1952 2020 quam
1996 1936 2069 2000 in
2114 1933 2237 1998 illo
2282 1934 2507 2013 bono;
2568 1933 2785 2000 influit

541 2030 724 2096 enim
762 2049 902 2112 pax
939 2051 982 2092 a
1025 2031 1328 2104 Domino
1371 2033 1440 2096 in
1477 2033 1797 2098 intimum
1834 2049 2095 2104 eorum.
2134 2041 2206 2095 et
2252 2031 2343 2094 ab
2384 2030 2631 2094 intimo
2666 2051 2783 2094 eo·

539 2146 690 2190 rum
713 2126 1077 2191 descendit
1103 2137 1176 2191 et
1201 2128 1437 2192 defluit
1461 2129 1532 2192 in
1555 2127 1874 2192 inferiora
1897 2146 2153 2202 eorum,
2182 2134 2255 2190 et
2276 2126 2460 2188 sistit
2483 2127 2784 2208 requiem

541 2222 817 2298 mentis-‚3
854 2222 1430 2308 tranquillitatem
1461 2225 1693 2300 animi,
1728 2232 1801 2288 et
1836 2223 2163 2306 gaudium
2198 2241 2291 2286 ex
2326 2221 2485 2286 illis.
2574 2221 2785 2303 Apud

539 2316 700 2381 illos
743 2327 976 2381 autem
1022 2316 1136 2400 qui
1191 2319 1260 2382 in
1315 2318 1502 2384 malo
1545 2329 1709 2385 sunt
1754 2339 1895 2382 non
1942 2319 2146 2382 datur
2191 2337 2335 2400 pax
2360 2313 2435 2380 ιθ)
2496 2327 2785 2399 apparet

539 2411 813 2495 quidem
845 2412 1027 2475 sicut
1059 2412 1274 2494 quies,
1304 2414 1771 2498 tranquillitas
1800 2423 1874 2479 et
1898 2411 2313 2494 jucunditaS,
2344 2413 2623 2494 quando
2654 2412 2787 2478 illis

537 2508 848 2572 succedit
876 2528 966 2571 ex
995 2515 1202 2586 vot03
1247 2509 1373 2572 sed
1403 2519 1510 2576 est
1544 2519 1843 2574 externa
1872 2518 1944 2573 et
1971 2508 2161 2574 nulla
2183 2509 2476 2584 interna,
2504 2509 2786 2574 interius

537 2601 724 2667 enim
783 2601 1080 2685 flagrant
1141 2603 1562 2679 inimicitiae,
1623 2605 1805 2680 odia,
1866 2601 2239 2680 vindictae,
2296 2604 2653 2681 saevitiae,
2710 2614 2783 2669 et

536 2696 768 2781 plures
797 2697 1218 2779 cupiditates
1251 2697 1496 2773 malae,
1532 2700 1600 2761 in
1637 2718 1808 2781 quas
1844 2700 2059 2763 etiam
2088 2699 2354 2763 animus
2386 2718 2623 2765 eorum
2651 2698 2783 2765 ser-

533 2802 667 2869 tur,
701 2802 778 2856 ut
809 2795 1102 2875 primum
1133 2793 1431 2877 aliquem
1464 2794 1705 2859 vident
1734 2794 1848 2876 qui
1880 2795 2008 2860 sibi
2036 2814 2176 2859 non
2206 2794 2419 2870 favet,
2447 2814 2526 2860 ac
2558 2814 2783 2861 erum·-

535 2888 635 2971 pit
674 2887 950 2972 quando
989 2908 1127 2952 non
1174 2889 1424 2967 timor;
1479 2898 1552 2953 et
1598 2890 1784 2972 quod
1822 2890 1982 2954 inde
2028 2890 2119 2954 sit
2165 2890 2351 2973 quod
2388 2889 2785 2971 jucunditas

531 3002 770 3052 eorum
806 2982 1078 3049 habitet
1115 2984 1186 3047 in
1223 2984 1507 3061 insania,
1549 2985 1672 3049 sed
1708 2984 1979 3050 illorum
2010 2986 2125 3069 qui
2169 2987 2239 3051 in
2284 2986 2469 3051 bono
2504 2997 2667 3054 sunt
2713 2988 2779 3049 in

533 3079 876 3162 sapientia
897 3100 916 3161 3
962 3080 1329 3145 discrimen
1366 3089 1475 3145 est
1512 3080 1691 3145 sicut
1722 3082 1904 3147 inter
1935 3080 2272 3147 infernum
2303 3092 2377 3146 et
2415 3083 2592 3147 inter
2622 3102 2780 3149 cae-

535 3174 698 3239 lum.

1317 3375 1396 3429 (ικ
1421 3386 1617 3419 anctum
1641 3379 1972 3429 cmm)

641 3478 712 3545 (s)
765 3474 946 3548 Quod
975 3486 1172 3533 status
1196 3478 1361 3547 pacis
1393 3478 1452 3534 in
1483 3478 1664 3535 caelis
1694 3494 1760 3535 se
1787 3479 2007 3535 habeat
2030 3480 2188 3536 sicut
2211 3490 2407 3537 status
2430 3496 2680 3537 aurorae
2715 3490 2783 3537 et

530 3548 689 3605 veris
713 3548 776 3603 in
802 3548 976 3605 terris
1005 3552 1086 3619 (n.
1117 3549 1268 3615 1726,
1296 3549 1452 3615 2780,
1483 3548 1662 3619 5662).

641 3672 712 3741 (t)
763 3668 944 3743 Quod
965 3670 1344 3741 cupiditates.
1363 3686 1520 3742 quae
1537 3679 1679 3727 sunt
1698 3672 1919 3728 amoris
1945 3674 2036 3728 sui
2062 3684 2125 3729 et
2150 3672 2376 3735 mundi,
2398 3688 2641 3744 protam
2664 3674 2781 3729 tol-

531 3742 660 3796 lant
686 3758 892 3811 pacem
928 3744 1009 3810 (n.
1037 3754 1193 3811 3170.
1225 3740 1404 3811 5662).

637 3810 817 3883 Quod
844 3812 1090 3883 quidam
1119 3822 1348 3883 ponant
1369 3828 1576 3883 pacem
1611 3812 1668 3867 in
1704 3812 1975 3885 irrequie.
2001 3830 2073 3870 ac
2110 3814 2169 3869 in
2200 3814 2425 3871 talibus
2454 3830 2606 3887 quae
2637 3825 2780 3870 sunt

405 3926 414 3935 .
530 3882 830 3939 contraria
855 3883 986 3953 paci
1013 3885 1096 3953 (n.
1129 3884 1307 3953 5662).

641 3952 820 4026 Quod
849 3971 974 4010 non
992 3956 1170 4011 detur
1193 3971 1328 4026 pax.
1349 3954 1464 4013 nisi
1489 3954 1855 4027 cupiditates
1882 3955 2025 4011 mali
2049 3956 2321 4014 sublatae
2334 3956 2461 4013 sint
2486 3958 2569 4020 (n.
2601 3956 2778 4027 5662).
