3371 5304
645 594 748 644 DE
771 589 1280 656 APPARENTIA,
1303 593 1472 646 SITU
1497 593 1594 644 ET
1619 593 2155 646 PLURALITATE
2182 595 2263 646 IN
2270 597 2470 648 FERN
2475 596 2712 650 ORUM.
2749 599 2865 667 375

641 765 920 848 spiritus
957 765 1128 830 alios
1165 775 1372 832 extra
1406 787 1502 844 se,
1541 777 1614 832 et
1654 787 1775 851 per
1810 767 2097 832 emissos
2128 787 2169 831 a
2206 789 2301 832 se.
2396 767 2745 858 Quartam,
2783 771 2869 836 ad

641 859 1080 942 operationes
1131 881 1251 944 per
1301 861 1723 946 phantasias,
1816 863 2151 941 Quintum,
2198 864 2286 926 ad
2332 863 2699 946 ejectiones
2746 885 2869 930 ex-

641 967 752 1022 tra
795 976 890 1032 se,
937 976 1018 1024 ac
1066 957 1224 1020 inde
1269 959 1701 1039 praesentias
1747 957 1908 1022 alibi
1952 979 2155 1042 quam
2203 959 2313 1023 ubi
2360 979 2644 1044 corpore
2690 971 2870 1024 sunt.

641 1049 942 1127 Sextum,
989 1052 1076 1116 ad
1123 1051 1617 1126 simulationeS,
1665 1055 2159 1136 persuasiones„
2209 1063 2279 1116 et
2326 1055 2703 1118 mendacia.
2793 1056 2869 1119 In
2930 1061 2939 1069 ‘

639 1147 768 1212 has
809 1157 998 1212 artes
1042 1149 1234 1212 venit
1271 1149 1548 1231 spiritus
1595 1149 1889 1213 hominis
1936 1148 2119 1224 mali,
2169 1168 2320 1212 cum
2368 1148 2633 1212 solutus
2678 1159 2787 1214 est
2830 1171 2869 1214 a

641 1262 766 1307 suo
809 1262 1116 1324 corpore,
1157 1264 1198 1308 a
1243 1265 1362 1322 se;
1411 1245 1642 1308 insunt
1679 1246 1861 1308 enim
1900 1255 2185 1308 naturae
2224 1243 2385 1307 mali
2422 1243 2583 1326 ejus,
2623 1245 2690 1308 in
2738 1266 2869 1328 qua

637 1347 804 1404 tunc
849 1349 980 1403 est.
1071 1339 1197 1402 Per
1253 1339 1379 1402 has
1437 1349 1621 1403 artes
1653 1340 1958 1403 cruciant
2018 1359 2093 1404 se
2153 1349 2391 1404 mutuo
2450 1341 2516 1402 in
2575 1339 2869 1404 infernis,

637 1431 921 1509 Verum,
954 1434 1112 1516 quia
1142 1453 1380 1498 omnes
1412 1434 1570 1498 illae
1609 1444 1817 1510 artes,
1846 1443 2121 1517 praeter
2158 1433 2310 1498 illas
2342 1455 2516 1517 quae
2552 1431 2721 1499 fiunt
2753 1455 2869 1516 per

637 1527 1136 1604 simulationeS,
1175 1530 1675 1611 persuasiones,
1723 1539 1797 1593 et
1841 1530 2220 1605 mendacia,
2268 1531 2549 1612 ignotae
2595 1539 2754 1592 sunt
2803 1531 2869 1592 in

635 1623 919 1698 mundo,
959 1643 1098 1687 non
1136 1623 1342 1687 velim
1379 1624 1446 1686 in
1483 1625 1713 1706 specie
1748 1623 1902 1688 illas
1935 1623 2044 1688 hic
2084 1625 2494 1699 describere,
2533 1634 2677 1689 tam
2716 1626 2869 1708 quia

635 1737 778 1782 non
817 1718 1489 1800 comprehenduntur
1527 1738 1731 1802 quam
1769 1720 1926 1802 quia
1962 1719 2299 1782 nefandae
2338 1728 2519 1782 sunt.

763 1811 958 1896 581.
1019 1811 1222 1894 Quod
1270 1815 1611 1880 cruciatus
1666 1815 1736 1877 in
1782 1813 2058 1876 infernis
2103 1815 2593 1897 permittantur
2636 1833 2677 1876 a
2725 1813 2867 1876 Do-

637 1909 844 1983 mino,
885 1919 996 1974 est
1032 1928 1260 1984 causa,
1295 1912 1452 1991 quia
1497 1910 1681 1973 mala
1726 1929 1865 1972 non
1910 1907 2113 1973 aliter
2146 1908 2446 1972 coerceri
2490 1917 2561 1972 et
2607 1908 2868 1972 domari

636 2013 948 2082 possunt.
1039 2002 1334 2066 Unicum
1372 2003 1669 2067 medium
1716 2002 1837 2066 illa
1872 2001 2235 2065 coercendi
2280 2011 2353 2066 et
2398 2001 2747 2076 domandi,
2787 2020 2866 2065 ac

635 2095 1038 2162 infernalem
1079 2097 1350 2162 turbam
1396 2099 1464 2162 in
1503 2097 1793 2162 vinculis
1831 2098 2135 2172 tenendi,
2173 2107 2283 2160 est
2321 2097 2528 2161 timor
2564 2115 2866 2179 poenae;

637 2211 776 2256 non
821 2193 1026 2256 datur
1071 2191 1254 2257 aliud
1301 2194 1641 2270 medium3
1706 2211 1864 2256 nam
1902 2193 2159 2276 absque
2206 2193 2451 2256 timore
2490 2210 2754 2273 poenae
2799 2201 2869 2254 et

635 2287 976 2352 cruciatus
1006 2297 1234 2354 rueret
1265 2287 1520 2352 malum
1553 2288 1620 2352 in
1651 2287 1931 2362 furores,
1966 2306 2047 2350 ac
2079 2287 2586 2368 dispergeretur
2618 2295 2864 2360 totum,

635 2381 812 2450 sicut
849 2403 1136 2468 regnum
1174 2385 1244 2449 in
1280 2384 1478 2448 terris
1517 2369 1628 2446 u'bi
1667 2399 1807 2446 non
1843 2381 1961 2446 lex
1998 2391 2072 2446 et
2111 2401 2247 2444 non
2287 2399 2531 2463 poena.

1625 2918 1873 3007 [ιη]

633 3110 749 3179 ΒΕ
795 3112 1324 3189 APPARENTIA,
1373 3110 1554 3179 Srru
1598 3126 1697 3177 ET
1742 3110 2288 3177 PLURALITATE
2328 3111 2861 3179 INFERNORUM.

753 3314 950 3399 582.
1008 3314 1089 3378 In
1129 3313 1387 3378 mundo
1417 3310 1775 3397 spirituali,
1812 3332 1933 3377 seu
1978 3314 2045 3377 in
2084 3313 2340 3377 mundo
2377 3314 2490 3379 ubi
2528 3324 2687 3378 sunt
2724 3316 2861 3397 spi·

628 3409 800 3474 ritus
844 3420 917 3474 et
961 3410 1214 3493 angeli,
1255 3408 1501 3473 similia
1537 3417 1874 3491 apparent
1920 3430 2092 3491 quae
2138 3410 2205 3471 in
2251 3410 2509 3473 mundo
2548 3409 2860 3483 naturali,

627 3526 750 3571 seu
792 3506 906 3569 ubi
949 3504 1265 3569 homines
1303 3515 1506 3583 sunt;
1567 3504 1746 3567 adeo
1789 3504 2059 3577 similia,
2106 3513 2182 3567 ut
2228 3504 2452 3587 quoad
2500 3513 2859 3569 externam

624 3600 871 3665 faciem
917 3600 1106 3663 nulla
1165 3601 1255 3664 sit
1309 3597 1711 3663 differentia.
1808 3596 2173 3681 Apparent
2234 3598 2325 3661 ibi
2384 3598 2727 3681 planitieS,
2790 3610 2860 3662 et

626 3706 963 3778 apparent
1017 3705 1314 3769 montes,
1363 3693 1578 3757 colles
1630 3702 1704 3757 et
1769 3703 2029 3775 petrae,
2078 3712 2156 3756 ac
2220 3693 2399 3757 inter
2443 3693 2561 3756 illa
2605 3692 2859 3770 valles;

627 3792 900 3873 insuper
929 3793 1138 3855 etiam
1173 3810 1410 3874 aquae,
1436 3797 1510 3852 et
1542 3787 1737 3871 plura
1768 3788 1901 3851 alia
1931 3810 2104 3871 quae
2135 3808 2335 3869 super
2365 3787 2633 3852 tellure.
2723 3786 2859 3853 Sed

625 3906 838 3968 usque
869 3886 988 3949 illa
1009 3886 1242 3949 omnia
1273 3904 1364 3946 ex
1397 3882 1731 3964 spirituali
1758 3884 2018 3965 origine
2050 3892 2246 3961 sunt;
2294 3894 2709 3966 quapropter
2738 3904 2857 3967 ap-

625 3990 870 4062 parent
897 3999 1130 4044 coram
1163 3975 1380 4043 oculis
1405 3979 1759 4062 spirituum
1795 3987 1867 4041 et
1900 3976 2325 4059 angelorum,
2353 3988 2423 4041 et
2457 3996 2594 4041 non
2627 3997 2867 4043 coram

625 4074 842 4139 oculis
872 4073 1248 4149 hominum,
1281 4074 1438 4156 quia
1469 4072 1782 4136 homines
1816 4072 1885 4135 in
1919 4070 2215 4135 naturali
2248 4072 2502 4135 mundo
2532 4080 2730 4149 sunt;
2778 4091 2857 4135 ac

625 4169 1014 4252 spirituales
1050 4169 1291 4232 vident
1337 4167 1456 4232 illa
1501 4187 1674 4249 quae
1734 4187 1826 4231 ex
1872 4168 2134 4249 origine
2182 4166 2517 4249 spirituali
2564 4175 2745 4241 sunt,
2786 4175 2856 4230 et

625 4264 976 4329 naturales
1007 4263 1124 4328 illa
1153 4283 1328 4347 quae
1365 4284 1456 4326 ex
1489 4262 1749 4345 origine
1782 4262 2095 4325 naturali.
2185 4257 2621 4345 Quapropter
2650 4260 2858 4325 homo

624 4358 847 4425 oeulis
889 4358 1029 4422 suis
1074 4375 1504 4442 nequaquam
1549 4366 1785 4439 potest
1827 4357 2060 4422 videre
2105 4356 2223 4420 illa
2266 4376 2443 4439 quae
2486 4356 2555 4420 in
2601 4356 2859 4419 mundo

623 4451 958 4537 spirituali
995 4462 1178 4529 sunt,
1220 4452 1347 4515 nisi
1381 4452 1586 4516 detur
1619 4451 1719 4514 illi
1764 4453 1829 4515 in
1876 4452 2119 4533 spiritu
2157 4472 2331 4527 esse,
2369 4460 2443 4514 et
2488 4449 2616 4515 nisi
2652 4470 2855 4533 quam

623 4558 784 4631 post
823 4558 1118 4613 mortem
1163 4566 1317 4613 cum
1363 4544 1438 4611 fit
1485 4547 1801 4630 spiritus:
1856 4546 2155 4611 vicissim
2193 4548 2403 4611 etiarn
2449 4544 2740 4628 angelus
2785 4556 2857 4609 et
