3371 5304
609 670 734 738 310
1251 667 1358 718 DE
1401 665 1656 718 CAELo
1702 667 1799 718 ET
1844 663 2209 718 INFERNO.

599 837 906 902 sordium
943 836 1264 920 expertia
1307 836 1604 919 fugiunt,
1641 837 1805 920 quia
1848 835 1983 900 illis
2028 833 2399 917 injucunda
2442 843 2629 899 sunt.
2717 833 2853 908 Illi,

599 936 714 1018 qui
745 935 814 998 in
845 934 1202 997 adulteriis
1218 932 1594 1016 jucundum
1619 943 1976 1016 ceperunt,
2002 934 2071 996 in
2104 931 2543 1014 lupanaribus
2564 932 2853 1014 degunt.

600 1031 715 1094 ubi
773 1031 1052 1094 sordida
1104 1041 1176 1096 et
1229 1029 1572 1114 squallida
1629 1031 1906 1108 omnia3
1966 1030 2141 1094 haec
2188 1037 2445 1104 amant,
2494 1048 2577 1093 ac
2622 1039 2857 1094 castas

601 1128 849 1192 domos
893 1125 1210 1209 fugiunt;
1263 1138 1341 1191 ut
1389 1127 1681 1209 primum
1728 1127 1815 1191 ad
1862 1125 1991 1190 has
2024 1127 2333 1200 veniunt,
2366 1126 2436 1189 in
2483 1125 2855 1209 deliquium

599 1226 898 1302 cadunt3
955 1224 1122 1288 nihil
1163 1225 1523 1306 jucundius
1560 1223 1697 1288 illis
1744 1231 1854 1289 est
1900 1243 2107 1307 quam
2148 1224 2469 1288 scindere
2514 1222 2853 1306 conjugia.

599 1319 736 1404 Qui
771 1319 1116 1386 vindiciae
1154 1323 1384 1404 cupidi
1419 1321 1714 1396 suerunt,
1754 1331 1827 1386 et
1866 1322 2027 1386 inde
2062 1331 2507 1386 attraxerunt
2540 1331 2857 1386 naturam

599 1439 877 1483 saevam
909 1430 982 1484 et
1022 1419 1396 1494 crudelem,
1431 1419 1859 1483 cadaverosa
1892 1429 2173 1498 amant;
2218 1428 2293 1484 et
2328 1439 2603 1501 quoque
2638 1420 2709 1482 in
2744 1427 2855 1483 ta-

600 1515 774 1580 libus
811 1516 1090 1580 infernis
1128 1527 1308 1580 sunt.
1401 1517 1543 1580 Alii
1581 1516 1812 1581 aliter.

724 1613 938 1695 489·
993 1613 1305 1695 Jucunda
1341 1623 1577 1678 autem
1609 1615 1800 1677 vitae
1838 1612 2132 1688 illorum,
2164 1613 2281 1696 qui
2316 1613 2383 1676 in
2421 1631 2659 1678 amore
2695 1632 2855 1678 cae-

597 1709 759 1774 lesti
819 1711 886 1772 in
948 1711 1208 1774 mundo
1257 1712 1606 1786 vixerunt,
1663 1720 2033 1776 vertuntur
2087 1711 2156 1773 in
2212 1709 2853 1792 correspondentia,

598 1807 830 1890 qualia
865 1817 1028 1870 sunt
1073 1808 1142 1870 in
1189 1808 1420 1882 caelis,
1460 1828 1638 1891 quae
1675 1809 1993 1872 existunt
2038 1827 2131 1871 ex
2188 1805 2352 1872 Sole
2388 1806 2588 1882 caeli,
2628 1817 2701 1872 et
2758 1825 2853 1870 ex

599 1904 753 1967 luce
789 1904 971 1980 inde,
1005 1925 1180 1987 quae
1219 1904 1340 1968 lux
1377 1905 1468 1968 ad
1507 1907 1727 1970 visum
1766 1906 1953 1970 sistit
1992 1905 2183 1981 talia,
2220 1925 2396 1988 quae
2434 1906 2618 1970 intus
2662 1905 2733 1970 in
2776 1923 2853 1966 se

597 2002 983 2065 recondunt
1019 2001 1307 2066 Divina:
1353 2001 1477 2066 illa
1505 2023 1680 2086 quae
1714 2003 1874 2067 inde
1904 2013 2263 2085 apparent,
2296 2001 2604 2067 afficiunt
2634 2021 2853 2082 ange-

599 2099 818 2162 lorum
843 2099 1174 2162 interiora
1197 2119 1370 2182 quae
1397 2100 1654 2164 mentis
1675 2119 1914 2164 eorum
1944 2109 2128 2174 sunt,
2156 2119 2236 2163 ac
2266 2099 2469 2163 simul
2500 2099 2855 2164 exteriora

597 2215 772 2277 quae
811 2195 1118 2278 corporis
1154 2214 1429 2260 eorum:
1473 2205 1552 2260 et
1587 2197 1749 2280 quia
1785 2196 2036 2261 Divina
2074 2196 2255 2271 Lux,
2292 2215 2471 2278 quae
2508 2206 2619 2259 est
2656 2195 2851 2260 Divi-

597 2311 761 2356 num
787 2291 1050 2356 Verum
1081 2293 1466 2373 procedens
1497 2313 1540 2357 a
1577 2293 1901 2368 Domino,
1936 2292 2153 2357 influit
2182 2294 2249 2357 in
2282 2303 2559 2358 mentes
2590 2310 2849 2366 eorum,

599 2410 774 2474 quae
805 2409 929 2471 per
961 2410 1271 2455 amorem
1295 2389 1676 2457 caelestem
1711 2402 1997 2473 apertae
2028 2401 2213 2465 sunt,
2248 2390 2406 2454 ideo
2438 2393 2506 2454 in
2538 2391 2851 2454 externis

596 2489 784 2552 sistit
845 2487 1018 2552 talia
1061 2507 1238 2571 quae
1283 2489 1833 2569 correspondent
1884 2488 2203 2569 jucundis
2260 2488 2512 2552 amoris
2556 2487 2848 2552 illorum.

597 2582 804 2668 Quod
847 2585 989 2661 illa,
1030 2605 1204 2668 quae
1251 2587 1342 2650 ad
1385 2586 1609 2649 visum
1655 2595 1997 2668 apparent
2042 2585 2110 2648 in
2156 2585 2388 2661 caelis,
2438 2604 2849 2667 correspon-

595 2684 808 2747 deant
847 2682 1286 2748 interioribus
1331 2684 1763 2765 angelorum,
1802 2690 1927 2747 seu'
1968 2682 2105 2747 illis
2140 2704 2315 2765 quae
2362 2692 2525 2747 sunt
2572 2682 2730 2749 fidei
2774 2691 2849 2747 et

595 2783 848 2845 amoris
885 2800 966 2844 ac
1005 2782 1164 2843 inde
1203 2781 1719 2863 intelligentiae
1755 2790 1829 2845 et
1874 2781 2256 2861 sapientiae
2290 2779 2587 2853 illorum,
2624 2780 2695 2845 in
2739 2799 2849 2843 ar-

597 2878 812 2941 ticulo
857 2878 970 2941 ubi
1023 2876 1253 2942 actum
1298 2888 1408 2942 est
1453 2878 1541 2942 de
1588 2878 2233 2959 Repraesentativis
2276 2887 2350 2941 et
2396 2876 2851 2959 Apparentiis

594 2976 662 3037 in
701 2972 915 3038 Caelo
951 2972 1047 3057 (n.
1087 2975 1430 3057 170—176).
1465 2986 1538 3040 et
1585 2974 1653 3038 in
1700 2975 1995 3039 articulo
2034 2975 2145 3038 ubi
2180 2974 2271 3039 de
2308 2973 2667 3055 Sapientia
2696 2972 2849 3037 An·

595 3070 910 3154 gelorum
959 3070 1150 3136 Caeli
1199 3069 1296 3154 (n.
1345 3070 1697 3155 265—275)‚
1744 3083 2103 3137 ostensum
2146 3082 2279 3136 est.
2366 3070 2715 3153 Quoniam
2758 3072 2851 3135 ab

594 3169 1069 3251 experientiae
1108 3168 1450 3251 exemplis
1481 3170 1836 3252 inceptum
1872 3180 1983 3234 est
2022 3168 2427 3233 confirmare
2464 3167 2644 3232 hanc
2680 3186 2847 3242 rem.

595 3276 669 3331 ut
707 3264 1132 3330 illustrentur
1161 3286 1332 3349 quae
1365 3286 1456 3330 ex
1486 3286 1711 3331 rerum
1745 3270 1970 3331 causis
2004 3268 2185 3349 prius
2214 3264 2401 3331 dista
2430 3277 2614 3339 sunt,
2640 3265 2847 3329 velim

594 3364 804 3427 etiam
853 3363 1080 3446 aliqua
1136 3363 1223 3427 de
1277 3363 1598 3445 jucundis
1642 3366 2081 3439 caelestibus,
2139 3364 2209 3429 in
2265 3384 2443 3447 quae
2486 3372 2849 3429 vertuntur

587 3460 886 3541 jucunda
927 3460 1268 3525 naturalia
1304 3462 1486 3544 apud
1523 3461 1682 3526 illos
1729 3463 1843 3545 qui
1886 3463 1955 3525 in
2003 3460 2295 3526 caelesti
2332 3480 2565 3525 amore
2600 3460 2849 3525 vivunt

595 3561 662 3621 in
698 3558 976 3633 mund0,
1004 3560 1072 3621 in
1105 3559 1407 3622 medium
1433 3558 1692 3623 afferre.
1786 3558 1919 3639 Qui
1953 3558 2203 3623 Divina
2234 3579 2397 3623 vera
2424 3578 2505 3621 ac
2540 3557 2849 3625 Verbum

595 3665 999 3719 amaverunt
1037 3676 1129 3719 ex
1165 3652 1529 3720 affectione
1560 3656 1908 3729 interiore,
1942 3674 2065 3719 seu
2107 3675 2199 3719 ex
2242 3652 2603 3721 affectione
2638 3655 2849 3736 ipsius

593 3753 758 3825 veri,
793 3753 893 3816 illi
923 3753 992 3816 in
1029 3753 1252 3817 altera
1281 3754 1428 3817 vita
1457 3753 1779 3818 habitant
1813 3753 1881 3817 in
1914 3752 2089 3829 luce,
2114 3754 2183 3815 in
2214 3753 2422 3817 editis
2454 3752 2646 3827 locis,
2672 3772 2847 3835 quae

595 3860 934 3931 apparent
973 3851 1150 3914 sicut
1196 3860 1494 3925 montes,
1534 3861 1606 3915 et
1645 3851 1737 3915 ibi
1774 3852 1840 3915 in
1882 3850 2031 3915 luce
2070 3850 2245 3915 caeli
2280 3850 2605 3913 continue
2642 3858 2845 3915 aunt:

595 3967 734 4010 non
767 3948 994 4011 sciunt
1031 3947 1193 4031 quid
1225 3948 1556 4013 tenebrae
1592 3947 1831 4032 quales
1862 3956 2023 4012 sunt
2056 3944 2281 4013 noetis
2318 3948 2385 4011 in
2424 3945 2725 4024 mundo:
2770 3957 2845 4011 et

595 4065 864 4127 quoque
923 4046 994 4109 in
1049 4044 1381 4128 temperie
1429 4066 1641 4109 verna
1689 4047 1951 4110 vivunt.
2040 4044 2160 4109 Ad
2206 4042 2564 4128 aspectum
2608 4062 2845 4108 eorum

595 4144 929 4205 sistuntur
952 4143 1144 4226 quasi
1176 4144 1322 4225 agri
1352 4152 1426 4206 et
1457 4162 1744 4218 messes,
1776 4152 1851 4208 et
1880 4163 2149 4226 quoque
2180 4143 2424 4207 vineae
2458 4164 2475 4219 ;
2522 4143 2587 4204 in
2620 4141 2845 4205 domi-

593 4240 720 4303 bus
767 4258 1002 4303 eorum
1049 4239 1318 4322 fulgent
1363 4240 1638 4323 singula
1696 4241 1873 4306 sicut
1934 4262 2027 4305 ex
2090 4240 2433 4325 lapidibus
2479 4239 2844 4323 pretiosis;

595 4336 914 4419 aspectus
945 4356 1180 4401 eorum
1213 4357 1332 4419 per
1361 4337 1704 4401 fenestras
1742 4346 1848 4403 est
1889 4338 2067 4403 sicut
2106 4358 2231 4420 per
2266 4357 2433 4421 pura
2469 4334 2842 4419 crystalla:

593 4436 766 4498 haec
807 4434 1107 4515 jucunda
1147 4434 1331 4496 visus
1377 4454 1614 4498 eorum
1659 4444 1845 4510 sunt,
1882 4436 2006 4499 sed
2050 4435 2295 4499 eadem
2342 4434 2514 4498 haec
2561 4433 2847 4497 interius

591 4531 888 4612 jucunda
919 4541 1080 4595 sunt
1110 4550 1202 4593 ex
1239 4532 1873 4615 correspondentiis
1903 4552 2057 4596 cum
2092 4532 2357 4596 Divinis
2389 4530 2845 4605 caelestibus:

597 4647 756 4694 nam
794 4650 958 4693 vera
995 4648 1170 4712 quae
1203 4648 1298 4691 ex
1337 4626 1598 4705 Verb0,
1626 4649 1805 4712 quae
1834 4641 2263 4707 amaverunt,
2296 4628 2846 4711 correspondent
