3371 5304
567 531 643 594 16
1205 543 1310 596 DE
1351 543 1608 596 CAELO
1652 544 1753 596 ΕΤ
1797 543 2161 598 mutuno.

555 713 738 798 Quia
776 716 1012 800 angeli
1055 715 1157 781 ita
1198 717 1514 794 credunt,
1553 716 1711 781 ideo
1753 727 2049 782 renuunt
2092 735 2374 782 omnem
2421 719 2797 801 gratiarum

552 809 900 876 astionem
937 821 1221 896 propter
1257 813 1513 878 bonum
1556 813 1740 896 quod
1786 813 2066 890 faciunt,
2106 833 2187 878 ac
2233 813 2681 896 indignantur
2724 821 2798 878 et

557 906 910 982 recedunt,
947 907 1006 971 si
1051 907 1201 990 quis
1246 908 1501 972 bonum
1548 907 1684 971 illis
1727 909 2007 973 tribuit:
2070 909 2401 973 mirantur
2440 909 2625 992 quod
2671 909 2798 974 ali·

555 1001 706 1083 quis
740 1001 1004 1077 credat,
1044 1002 1230 1084 quod
1273 1001 1502 1084 sapiat
1547 1021 1640 1066 ex
1685 1022 1785 1079 se,
1824 1011 1899 1066 et
1942 1004 2125 1086 quod
2160 1003 2417 1066 bonum
2454 1003 2662 1069 faciat
2707 1021 2799 1067 ex

555 1115 670 1160 se:
719 1096 974 1161 bonum
1003 1095 1228 1162 facere
1259 1107 1540 1180 propter
1573 1118 1670 1173 se,
1706 1097 1837 1162 hoc
1870 1117 2009 1161 non
2040 1107 2297 1161 vocant
2330 1097 2609 1174 bonum,
2644 1099 2801 1180 quia

556 1189 636 1256 fit
693 1211 786 1256 ex
843 1211 962 1270 θος
1035 1201 1110 1255 at
1153 1191 1410 1256 bonum
1457 1192 1680 1258 facere
1724 1204 2008 1276 propter
2050 1193 2330 1269 bonum,
2368 1192 2501 1258 hoc
2548 1202 2801 1258 vocant

555 1285 815 1348 bonum
851 1305 944 1350 ex
983 1285 1258 1362 Divino,
1297 1296 1371 1351 et
1407 1287 1590 1370 quod
1629 1287 1761 1352 hoc
1798 1287 2055 1352 bonum
2090 1287 2183 1352 sit
2218 1286 2403 1370 quod
2440 1287 2605 1353 facit
2640 1307 2799 1352 cae-

555 1379 721 1455 lum,
759 1380 919 1463 quia
952 1379 1024 1444 id
1059 1380 1318 1444 bonum
1355 1390 1462 1445 est
1500 1377 1921 1445 Dominusss)

685 1489 822 1540 10⁵
878 1473 1191 1557 Spiritus,
1231 1476 1347 1558 qui
1383 1475 1545 1538 dum
1591 1477 1660 1540 in
1708 1477 1967 1540 mundo
2002 1476 2349 1552 vixerunt,
2390 1476 2457 1540 in
2502 1476 2624 1540 illa
2666 1475 2800 1541 fide

555 1589 631 1632 se
654 1567 1253 1646 confirmaverunt,
1275 1571 1462 1653 quod
1487 1570 1745 1634 bonum
1768 1570 1953 1654 quod
1974 1570 2233 1635 faciunt
2258 1581 2333 1636 et
2355 1590 2591 1636 verum
2615 1573 2801 1654 quod

557 1663 870 1739 credunt,
909 1665 1050 1729 sint
1093 1685 1136 1729 a
1171 1674 1420 1741 semet,
1459 1675 1578 1730 aut
1615 1666 2067 1748 appropriata·
2096 1665 2225 1730 sibi
2260 1675 2339 1732 ut
2374 1685 2519 1742 sua,
2558 1667 2627 1729 in
2666 1685 2801 1749 qua

557 1757 692 1822 fide
743 1769 904 1824 sunt
953 1779 1196 1824 omnes
1253 1759 1353 1823 illi
1413 1761 1530 1843 qui
1587 1761 1903 1824 meritum
1962 1770 2227 1842 ponunt
2294 1761 2362 1824 in
2421 1758 2795 1835 beneanffls,

555 1872 638 1917 ac
669 1852 1010 1934 justitiam
1049 1855 1175 1919 sibi
1211 1854 1588 1929 vindicant,
1621 1854 1721 1918 illi
1758 1874 1896 1918 non
1934 1855 2348 1938 recipiuntur
2382 1856 2451 1917 in
2488 1855 2799 1933 caelum3

555 1947 791 2030 angeli
825 1949 982 2013 illos
1018 1949 1309 2030 fugiunt,
1344 1947 1664 2038 speaant
1702 1949 1862 2013 illos
1898 1959 1973 2013 ut
2008 1949 2325 2032 stupidos
2361 1967 2445 2013 ac
2482 1959 2559 2012 ut
2594 1949 2797 2024 fures,

557 2053 634 2110 ut
665 2044 978 2124 stupidos
1009 2045 1168 2126 quia
1189 2042 1442 2126 jugiter
1470 2041 1791 2126 specstant
1822 2043 1911 2107 ad
1942 2063 2019 2108 se
2054 2053 2127 2108 et
2154 2063 2293 2108 non
2324 2045 2411 2108 ad
2450 2043 2797 2119 Divinum,

557 2147 632 2202 ut
665 2137 842 2202 sures
873 2140 1032 2221 quia
1061 2137 1375 2204 auferunt
1409 2138 1712 2203 Domino
1742 2139 1925 2220 quod
1958 2139 2176 2222 Ipsius
2206 2147 2337 2202 est.
2428 2137 2523 2200 Hi
2554 2147 2801 2202 contra

557 2232 762 2298 fidem
787 2232 963 2298 caeli
985 2243 1168 2310 sunt,
1195 2233 1376 2316 quod
1413 2232 1736 2298 Divinum
1760 2233 2039 2298 Domini
2068 2233 2250 2315 apud
2276 2233 2569 2315 angelos
2588 2232 2799 2296 faciat

557 2327 848 2393 caelum.

685 2437 810 2488 11·
856 2421 1062 2505 Quod
1099 2422 1198 2486 illi
1241 2423 1310 2486 in
1357 2422 1658 2487 Domino
1696 2421 1857 2497 sint,
1896 2431 1969 2486 et
2018 2421 2355 2486 Dominus
2400 2421 2467 2485 in
2512 2420 2647 2485 illis
2684 2420 2799 2504 qui

557 2519 628 2584 in
664 2518 861 2583 caelo
889 2529 963 2582 et
999 2519 1070 2582 in
1105 2516 1422 2595 ecclesia,
1459 2517 1670 2583 docet
1708 2535 1979 2600 quoque
2016 2515 2355 2582 Dominus
2390 2516 2712 2591 dicendo,

657 2651 924 2705 “Manete
947 2654 1003 2704 ln
1025 2651 1133 2713 Me,
1153 2663 1208 2703 et
1233 2651 1350 2715 Ego
1375 2654 1431 2702 in
1455 2651 1612 2702 vobis
1633 2666 1647 2712 ;
1675 2651 1815 2702 sieut
1832 2649 2038 2715 palmes
2062 2666 2174 2701 non
2196 2660 2380 2714 potest
2404 2649 2545 2701 ferre
2564 2647 2799 2701 {metum

819 2735 858 2771 a
875 2720 1186 2781 semetipso.
1211 2718 1316 2769 uisi
1341 2719 1602 2769 manserit
1625 2718 1680 2769 in
1708 2719 1832 2776 vite.
1856 2718 1934 2767 ita
1956 2732 2057 2767 uec
2074 2732 2175 2767 vos
2200 2717 2307 2767 nisi
2334 2718 2391 2767 in
2418 2716 2513 2767 Me
2539 2718 2801 2767 man-eri-

819 2786 923 2837 tis:
973 2784 1088 2848 Ego
1116 2799 1237 2834 sum
1261 2784 1416 2843 Vitis,
1441 2798 1542 2833 vos
1579 2784 1861 2849 palmites:
1908 2783 1999 2846 qui
2033 2791 2219 2832 manet
2258 2783 2313 2833 in
2352 2781 2462 2839 Me.
2486 2794 2541 2831 et
2584 2781 2701 2844 Ego
2741 2783 2798 2833 iu

821 2850 932 2910 illo,
955 2850 1044 2900 hic
1066 2850 1172 2899 fert
1198 2846 1432 2899 frustum
1460 2848 1721 2912 multnmg
1770 2847 1899 2914 quia
1925 2848 2045 2898 sine
2080 2846 2173 2898 Me
2208 2860 2318 2897 non
2355 2848 2585 2911 potestis
2620 2848 2798 2898 facere

819 2916 1104 2981 quicqum
1121 2914 1152 2937 '⁹
1171 2913 1326 2981 (Μ.
1347 2930 1440 2967 xv·
1460 2914 1596 2977 4-7)·

685 3066 814 3131 ιο,
872 3050 988 3115 Ex
1046 3050 1151 3115 his
1197 3069 1376 3114 nunc
1423 3059 1746 3113 constare
1793 3056 2052 3133 potest,
2100 3048 2284 3132 quod
2329 3046 2668 3113 Dominus
2728 3050 2795 3113 in

559 3146 699 3213 Suo
734 3145 1003 3211 habitet
1042 3146 1226 3229 apud
1271 3144 1560 3227 angelos
1597 3143 1793 3221 caeli,
1834 3153 1906 3208 et
1952 3144 2048 3208 sic
2096 3142 2279 3226 quod
2328 3142 2662 3207 Dominus
2706 3142 2797 3207 sit

559 3262 764 3307 omne
807 3241 875 3305 in
913 3240 1229 3304 omnibus
1267 3240 1485 3319 caeli3
1553 3249 1626 3303 et
1671 3239 1804 3302 hoc
1851 3260 1943 3303 ex
1987 3256 2215 3315 causa,
2255 3238 2413 3321 quia
2457 3238 2711 3301 bonum
2758 3254 2801 3301 a

558 3337 862 3401 Domino
905 3345 1014 3399 est
1060 3334 1396 3399 Dominus
1442 3332 1622 3417 apud
1669 3332 1849 3409 illos,
1889 3333 2073 3415 quod
2118 3334 2299 3396 enim
2344 3333 2434 3395 ab
2480 3330 2643 3414 Ipso
2686 3340 2797 3395 est

560 3433 718 3515 Ipse
754 3440 909 3509 est3
957 3430 1242 3515 proinde
1279 3428 1462 3512 quod
1499 3429 1755 3493 bonum
1792 3448 1833 3491 a
1871 3428 2169 3493 Domino
2206 3430 2297 3493 sit
2334 3428 2604 3511 angelis
2640 3446 2799 3492 cae·

557 3528 721 3604 lum,
757 3537 833 3593 et
869 3546 1008 3591 non
1046 3526 1323 3610 aliquod
1361 3525 1705 3607 proprium
1742 3522 2037 3587 illorum.

1361 3721 2005 3775 (nmmum)

665 3825 740 3895 (s)
837 3823 960 3879 uod
991 3824 1220 3877 bonum
1262 3837 1301 3878 a
1341 3818 1608 3877 Domino
1635 3819 1800 3875 intus
1842 3818 1905 3873 in
1952 3834 2018 3875 se
2048 3816 2267 3873 habeat
2294 3814 2642 3883 Dominum,
2674 3832 2796 3873 nou

557 3905 759 3951 autem
869 3909 1012 3949 num
1037 3909 1074 3949 a
1098 3890 1342 3966 proprio
1371 3892 1452 3962 (n.
1484 3890 1639 3954 1802,
1665 3902 1823 3963 3951,
1848 3888 2031 3961 8478ss
2050 3886 2262 3961 84801).
