3371 5304
814 614 923 666 DE
966 612 1525 667 FUNCTIONIBUS
1568 610 2052 665 ANGELORUM
2093 609 2180 663 IN
2223 604 2502 661 CAELO.
2674 606 2792 671 241

548 786 775 869 pitent
804 804 1045 850 versus
1074 782 1448 865 infernum:
1496 784 1583 849 ad
1619 783 1972 849 minimum
2005 781 2346 867 potuisset
2385 776 2584 853 scire,
2619 774 2802 858 quod

546 881 801 947 violare
828 880 1147 963 conjugia
1170 883 1261 945 sit
1294 878 1538 944 contra
1566 881 1758 961 leges
1784 880 2092 954 Divinas»,
2121 887 2193 940 et
2226 884 2474 940 contra
2499 872 2802 937 omnium

545 996 913 1059 regnorum
946 976 1139 1058 leges
1170 975 1429 1051 civiles,
1458 985 1605 1039 tum
1639 985 1886 1039 contra
1917 977 2289 1057 genuinum
2323 974 2554 1037 lumen
2587 974 2796 1036 ratio-

546 1073 673 1149 nis,
698 1073 859 1155 quia
890 1084 1139 1136 contra
1168 1070 1481 1135 ordinem
1513 1079 1587 1134 et
1626 1070 1951 1133 Divinum
1985 1080 2058 1134 et
2094 1070 2495 1145 humanum,
2530 1078 2802 1150 praeter

544 1166 759 1249 plura.
848 1164 989 1231 Sed
1048 1165 1545 1248 respondebat,
1594 1165 1779 1248 quod
1839 1164 2008 1229 talia
2053 1170 2202 1227 non‘
2251 1165 2672 1245 cogitaverit
2731 1163 2798 1225 in

545 1262 689 1324 vita
715 1262 1039 1343 corporis,
1130 1258 1374 1324 Voluit
1396 1260 1790 1323 ratiocinari
1815 1278 1976 1323 num
2001 1260 2099 1322 ita
2122 1268 2309 1323 esset
2334 1280 2350 1338 3
2389 1259 2514 1323 sed
2541 1256 2798 1321 dictum

545 1365 654 1419 est
690 1357 775 1432 ei,
809 1356 996 1439 quod
1028 1356 1283 1419 veritas
1324 1373 1461 1418 non
1500 1355 1834 1419 admittat
1868 1356 2245 1428 ratiocinia,
2275 1354 2799 1436 patrocinantur

546 1452 725 1515 enim
758 1451 1099 1533 jucundiS,
1140 1452 1241 1515 ita
1278 1451 1477 1513 malis
1524 1460 1595 1514 et
1639 1449 1876 1529 falsis-‚5
1937 1458 2006 1513 et
2052 1449 2236 1531 quod
2275 1450 2565 1533 primum
2605 1450 2797 1531 cogi-

546 1554 695 1610 tare
733 1547 985 1609 debeat
1025 1546 1111 1609 de
1156 1545 1292 1609 illis
1329 1566 1504 1627 quae
1541 1542 1727 1608 dieta
1765 1554 1951 1620 sunt,
1986 1546 2142 1627 quia
2179 1564 2384 1623 vera3
2433 1556 2550 1608 aut
2591 1546 2797 1608 etiam

546 1660 637 1703 ex
697 1640 821 1705 illo
872 1641 1228 1723 principio,
1268 1640 1455 1722 quod
1517 1640 1952 1703 notissimum
1993 1649 2102 1704 est
2162 1641 2230 1703 in
2285 1640 2565 1715 mundo,
2613 1641 2797 1723 quod

548 1754 753 1800 nemo
789 1735 994 1799 alteri
1047 1735 1275 1799 facere
1312 1735 1591 1811 debeat,
1632 1735 1817 1817 quod
1857 1755 1996 1798 non
2035 1734 2206 1800 velit
2251 1744 2326 1799 ut
2373 1735 2553 1799 alter
2589 1735 2796 1800 faciat

548 1830 721 1909 sibi3
776 1840 851 1895 et
889 1832 985 1894 sic
1032 1832 1087 1893 si
1133 1832 1283 1914 quis
1330 1832 1541 1913 ipsius
1578 1849 1891 1905 uxorem,
1931 1850 2136 1913 quam
2175 1832 2572 1907 amavisset,
2613 1831 2796 1913 quod

546 1924 622 1989 fit
658 1926 728 1989 in
765 1926 1098 2007 principio
1135 1926 1363 1991 omnis
1400 1924 1724 2007 conjugii,
1765 1925 1889 1990 tali
1929 1925 2138 1989 modo
2175 1924 2588 2008 decepisset,
2630 1935 2795 1991 tunc

548 2040 701 2086 cum
748 2021 817 2084 in
860 2031 1053 2085 statu
1095 2022 1728 2087 excandescentiae
1767 2040 1969 2103 super
2023 2021 2089 2084 id
2151 2030 2361 2096 esset,
2407 2022 2462 2085 si
2523 2042 2615 2085 ex
2675 2021 2796 2087 illo

547 2126 737 2181 statu
774 2116 1189 2199 loqueretur,
1230 2135 1462 2180 annon
1501 2136 1774 2199 quoque
1824 2117 1972 2198 ipse
2010 2116 2354 2181 adulteria
2403 2117 2794 2181 detestatu—

544 2233 656 2275 rus
692 2211 972 2292 fuisset;
1020 2222 1091 2277 et
1130 2223 1319 2289 tunc,
1355 2213 1513 2296 quia
1542 2212 1823 2293 ingenio
1855 2212 2100 2295 pollet,
2137 2234 2210 2276 se
2249 2211 2796 2277 confirmavisset

545 2307 697 2390 plus
733 2326 939 2391 quam
994 2307 1110 2372 alii
1156 2319 1403 2373 contra
1439 2307 1580 2384 illa,
1623 2326 1837 2392 usque
1883 2316 1960 2373 ut
2014 2308 2490 2373 damnavisset
2527 2308 2649 2373 illa
2707 2309 2795 2373 ad

544 2403 903 2467 infernum.

668 2497 875 2580 386·
936 2496 1312 2563 Ostensum
1353 2498 1517 2563 mihi
1563 2508 1698 2575 est,
1731 2498 2083 2580 quomodo
2119 2498 2651 2582 progrediuntur
2690 2497 2793 2580 ju—

544 2594 769 2658 cunda
812 2595 1065 2659 amoris
1110 2593 1511 2677 conjugialis
1558 2594 1643 2660 ad
1694 2593 1960 2658 caelum
2015 2600 2088 2658 et
2129 2593 2429 2676 jucunda
2474 2593 2792 2660 adulterii

543 2691 629 2753 ad
692 2691 1046 2754 infernum.
1138 2691 1537 2772 Progressio
1592 2689 2042 2771 jucundorum
2091 2691 2348 2755 amoris
2390 2689 2794 2772 conjugialis

542 2806 777 2849 versus
816 2786 1083 2850 caelum
1120 2795 1268 2850 erat
1315 2787 1382 2849 in
1430 2785 1896 2849 beatitudines
1942 2794 2014 2849 et
2059 2785 2428 2851 felicitates
2467 2787 2792 2850 continue

543 2879 769 2961 plures
795 2901 1007 2965 usque
1033 2881 1120 2945 ad
1154 2880 1691 2946 innumerabiles
1715 2890 1788 2944 et
1822 2880 2219 2956 ineffabileS,
2249 2891 2321 2945 et
2347 2902 2482 2964 quo
2507 2883 2792 2946 interius

541 2975 609 3037 in
654 2976 1291 3040 innumerabiliores
1336 2985 1409 3040 et
1456 2975 1960 3052 ineffabilioreS,
2001 2996 2213 3058 usque
2259 2977 2348 3040 ad
2393 2977 2574 3060 ipsas
2622 2976 2791 3040 caeli

540 3071 761 3134 intimi
800 3091 920 3134 seu
952 3072 1127 3135 caeli
1158 3073 1622 3147 innocentiae,
1650 3081 1723 3136 et
1759 3071 1888 3136 hoc
1929 3093 2050 3154 per
2082 3071 2540 3150 liberrimum;
2587 3092 2791 3136 omne

541 3168 722 3230 enim
748 3167 1033 3231 liberum
1059 3177 1169 3230 est
1202 3187 1293 3230 ex
1318 3186 1576 3242 amore,
1604 3169 1704 3232 ita
1725 3167 2141 3232 liberrimum
2173 3189 2264 3231 ex
2297 3187 2530 3232 amore
2557 3166 2789 3248 conju-

540 3262 725 3344 giali,
761 3263 874 3345 qui
910 3272 1020 3326 est
1058 3262 1203 3344 ipse
1241 3282 1433 3327 amor
1464 3262 1808 3328 caelestis,
1900 3262 2300 3344 Progressio
2329 3271 2560 3326 autem
2594 3261 2790 3324 adul-

540 3357 695 3420 terii
734 3366 884 3421 erat
921 3378 1161 3422 versus
1198 3357 1557 3434 infernum,
1598 3368 1670 3422 et
1718 3378 1839 3441 per
1878 3360 2128 3440 gradus
2174 3357 2262 3421 ad
2309 3356 2637 3433 infimum,
2679 3358 2790 3421 ubi

540 3451 709 3515 nihil
758 3453 883 3516 nisi
928 3472 1133 3536 quam
1182 3454 1401 3517 dirum
1462 3462 1535 3518 et
1595 3453 2032 3519 horrendum.
2123 3451 2314 3516 Talis
2359 3473 2508 3516 sors
2555 3465 2790 3517 manet

539 3548 890 3612 adulteros
918 3558 1078 3630 post
1110 3550 1321 3612 vitam
1348 3568 1582 3613 eorum
1615 3551 1682 3612 in
1718 3550 2014 3628 mundo;
2061 3569 2182 3632 per
2205 3548 2558 3613 adulteros
2583 3549 2787 3612 intel·

538 3644 867 3726 liguntur,
908 3645 1020 3726 qui
1051 3643 1425 3723 jucundum
1472 3645 1539 3708 in
1585 3644 1964 3721 adulteriis,
2004 3654 2076 3709 et
2122 3663 2262 3709 non
2309 3641 2673 3712 iucundum
2720 3645 2786 3707 in

538 3738 873 3822 conjugiis
912 3741 1318 3821 percipiunt.

1541 4075 1794 4160 [xm]

784 4236 899 4302 DE
948 4237 1529 4302 Func‘nomnus
1574 4236 2080 4303 ANGELORUM
2125 4248 2210 4300 m
2255 4234 2538 4302 CAELo.

673 4403 867 4488 387.
928 4404 1351 4470 Functiones
1384 4407 1449 4469 in
1485 4406 1696 4470 caelis
1730 4427 1867 4470 non
1902 4407 2306 4483 enumerari,
2334 4426 2460 4470 nec
2497 4405 2785 4470 describi

537 4510 829 4584 possunt
868 4502 933 4564 in
974 4503 1227 4582 specie,
1262 4502 1384 4564 sed
1424 4502 1636 4566 modo
1666 4503 1756 4565 de
1788 4501 1922 4565 illis
1952 4502 2206 4584 aliquid
2241 4502 2374 4566 dici
2405 4503 2470 4565 in
2505 4521 2783 4583 genere,

538 4615 695 4660 nam
758 4606 921 4661 sunt
979 4597 1398 4673 innumerae,
1463 4609 1535 4662 et
1604 4619 1872 4678 quoque
1933 4597 2307 4662 secundum
2365 4600 2782 4661 societatum
