3371 5304
543 673 678 740 QUI
705 672 790 724 m
814 672 1180 724 INFERNIS
1199 672 1416 736 SUNT,
1439 673 1524 724 IN
1549 674 1783 724 MALls
1806 674 1901 724 ET
1922 673 2003 723 IN
2014 675 2113 724 DE
2132 673 2391 726 FALSIS
2414 674 2630 728 SUNT.
2666 677 2707 745 3
2717 677 2793 746 57

539 844 641 910 ita
698 845 788 910 ad
853 841 1302 928 conspectum
1339 844 1556 928 agniti
1615 853 1778 908 sunt
1824 844 2063 928 quales
2122 855 2303 910 sunt.
2396 847 2475 910 In
2536 867 2793 930 genere

541 952 702 1004 sunt
759 940 1020 1006 formae
1081 949 1526 1022 contemptus
1583 940 1897 1015 aliorum,
1938 941 2274 1004 minarum
2334 951 2583 1007 contra
2637 943 2794 1006 illos

539 1037 656 1118 qui
701 1057 778 1100 se
823 1055 964 1100 non
1009 1045 1476 1114 venerantur3
1525 1047 1688 1099 sunt
1724 1035 1983 1100 formae
2022 1036 2335 1100 odiorum
2371 1037 2539 1102 varii
2576 1057 2791 1120 gene·

539 1133 678 1210 ris;
725 1141 886 1196 sunt
931 1131 1191 1196 formae
1229 1128 1687 1196 vindictarum
1730 1132 1943 1194 etiam
1981 1131 2148 1195 varii
2195 1133 2517 1213 generis-‚3
2566 1135 2793 1197 saevi-

541 1227 680 1292 tiae
727 1236 800 1292 et
843 1226 1300 1292 crudelitates
1343 1247 1436 1290 ex
1475 1225 1917 1290 interioribus
1962 1246 2083 1308 per
2115 1225 2270 1290 illas
2306 1235 2791 1311 transparent:

541 1331 615 1387 at
663 1341 818 1386 cum
864 1322 978 1387 alii
1025 1322 1182 1386 illos
1229 1321 1542 1400 laudant,
1588 1331 2029 1396 venerantur,
2078 1331 2153 1386 et
2198 1322 2461 1399 colunt,
2510 1333 2791 1388 contra·

539 1416 722 1480 hitur
756 1416 968 1482 facies
1011 1435 1270 1493 eorum,
1311 1425 1386 1480 et
1434 1425 1725 1500 apparet
1772 1416 1952 1481 sicut
2000 1416 2260 1482 laetum
2321 1437 2412 1480 ex
2466 1416 2791 1500 jucundo.

541 1509 808 1576 Omnes
841 1512 1102 1576 formae
1139 1511 1325 1587 illae,
1357 1512 1600 1594 quales
1636 1522 2001 1594 apparent,
2042 1531 2182 1575 non
2222 1513 2460 1594 paucis
2496 1513 2792 1578 describi

541 1617 804 1690 potest,
839 1627 978 1672 non
1017 1608 1200 1671 enim
1239 1627 1374 1670 una
1409 1617 1522 1672 est
1559 1607 1804 1672 similis
1840 1607 2087 1686 alteri;
2148 1609 2359 1672 modo
2390 1609 2571 1673 inter
2608 1608 2789 1684 illos,

539 1704 656 1785 qui
686 1702 754 1766 in
789 1702 992 1766 simili
1023 1702 1211 1765 malo
1242 1713 1426 1778 sunt,
1454 1711 1526 1766 et
1557 1703 1719 1766 inde
1750 1703 1817 1766 in
1850 1702 2056 1766 simili
2082 1703 2423 1768 societate
2457 1703 2789 1778 infernali,

540 1807 648 1862 est
681 1798 1066 1862 similitudo
1095 1798 1504 1872 communis,
1538 1817 1630 1862 ex
1661 1818 1799 1881 qua
1828 1799 2006 1863 sicut
2037 1819 2130 1861 ex
2169 1798 2384 1880 plano
2414 1798 2791 1862 derivatio·

541 1895 648 1960 nis
681 1902 1018 1977 apparent
1051 1891 1264 1956 facies
1299 1893 1722 1976 singulorum
1759 1893 1853 1958 ibi
1889 1894 1957 1956 in
1994 1894 2293 1977 quadam
2325 1894 2790 1960 similitudine.

543 1990 622 2052 In
661 2009 918 2071 genere
955 1999 1117 2054 sunt
1154 1988 1365 2052 facies
1401 2007 1638 2054 eorum
1668 1989 1883 2064 dirae,
1918 1999 1991 2054 et
2029 1999 2361 2072 expertes
2390 1991 2576 2054 vitae
2614 1991 2791 2054 sicut

540 2086 1000 2150 cadaverum:
1047 2084 1474 2167 quorundam
1521 2094 1684 2148 sunt
1737 2086 2025 2167 nigrae3
2086 2085 2516 2167 quorundam
2576 2087 2794 2150 instar

539 2180 912 2244 facularum
940 2180 1186 2262 igneae
1214 2200 1232 2258 ;
1277 2179 1707 2262 quorundam
1738 2200 1829 2244 ex
1863 2179 2179 2262 pustulis,
2213 2181 2461 2245 varicis
2493 2191 2564 2244 et
2604 2180 2789 2244 ulce-

538 2277 724 2340 ribus
753 2293 1110 2352 enormes;
1156 2275 1338 2356 apud
1379 2274 1607 2355 plures
1647 2294 1786 2338 non
1824 2284 2165 2358 apparent
2205 2275 2435 2350 facies,
2471 2276 2595 2338 sed
2634 2275 2792 2340 loco

539 2369 719 2434 illius
763 2369 1100 2434 hirsutum
1166 2369 1352 2452 quid,
1401 2379 1522 2434 aut
1575 2389 1899 2448 osseum;
1967 2371 2148 2452 apud
2194 2371 2531 2453 quosdam
2581 2372 2793 2436 modo

539 2477 829 2532 exstant
864 2467 1114 2530 dentes
1141 2487 1158 2544 3
1205 2486 1498 2550 corpora
1527 2487 1764 2530 eorum
1797 2468 2009 2532 etiam
2039 2477 2437 2532 monstrosa
2461 2479 2621 2531 sunt
2652 2488 2667 2544 ;
2718 2479 2789 2532 et

540 2561 818 2645 loquela
855 2581 1092 2626 eorum
1130 2561 1310 2626 sicut
1347 2583 1440 2626 ex
1477 2563 1595 2634 ira,
1635 2571 1756 2626 aut
1804 2583 1893 2626 ex
1932 2562 2118 2639 odio,
2156 2573 2277 2627 aut
2324 2583 2414 2628 ex
2460 2560 2788 2639 vindicta,

539 2678 700 2723 nam
739 2660 1023 2742 quisque
1055 2658 1354 2742 loquitur
1391 2678 1484 2721 ex
1523 2677 1646 2721 suo
1683 2658 1879 2734 falso,
1918 2668 1991 2723 et
2026 2668 2231 2724 sonat
2270 2680 2363 2723 ex
2400 2679 2525 2722 suo
2564 2658 2788 2723 malo:

540 2755 776 2829 verb0,
817 2763 978 2818 sunt
1017 2772 1258 2816 omnes
1305 2752 1406 2817 sui
1451 2752 1696 2817 inferni
1733 2753 2093 2835 imagines,
2183 2754 2416 2836 Ipsum
2454 2754 2791 2819 infernum

539 2849 610 2912 in
647 2849 994 2913 communi
1033 2848 1101 2911 in
1141 2868 1273 2931 qua
1309 2847 1531 2913 forma
1565 2859 1702 2925 est,
1732 2868 1869 2913 non
1906 2848 2148 2912 datum
2178 2858 2290 2914 est
2322 2850 2593 2928 videre;
2642 2849 2788 2913 dic-

541 2954 688 3008 tum
722 2945 932 3009 modo
961 2952 1092 3019 est,
1127 2943 1311 3029 quod
1351 2944 1529 3007 sicut
1568 2945 1957 3009 universum
1992 2945 2260 3009 caelum
2308 2945 2375 3009 in
2420 2965 2558 3009 uno
2599 2964 2789 3009 com-

543 3040 755 3123 plexu
808 3040 1059 3105 reserat
1104 3059 1310 3103 unum
1359 3039 1740 3105 Hominem
1792 3038 1888 3123 (n.
1932 3039 2193 3123 59-67),
2240 3041 2341 3105 ita
2400 3041 2790 3105 universum

543 3136 874 3200 infernum
907 3136 974 3199 in
1009 3156 1144 3198 uno
1175 3136 1548 3219 complexu
1578 3135 1831 3200 reserat
1863 3154 2069 3200 unum
2104 3134 2477 3210 diabolum,
2511 3145 2585 3199 et
2617 3155 2787 3219 quo·

541 3251 672 3313 que
709 3232 892 3314 quod
932 3232 1081 3295 sisti
1121 3233 1341 3313 possit
1379 3232 1452 3295 in
1489 3232 1684 3295 unius
1724 3230 1980 3295 diaboli
2018 3230 2246 3312 effigie
2288 3228 2639 3313 (videatur
2676 3251 2789 3294 su-

543 3346 689 3409 pra,
731 3347 795 3389 n.
847 3324 1022 3409 544).
1112 3326 1250 3391 Sed
1295 3328 1363 3390 in
1411 3325 1597 3408 quali
1641 3325 1863 3389 forma
1906 3334 2069 3388 sunt
2115 3323 2377 3389 inferna
2419 3326 2488 3389 in
2534 3326 2786 3408 specie,

543 3442 664 3487 seu
711 3422 1079 3489 infernales
1123 3423 1524 3498 societates,
1566 3421 1838 3504 saepius
1883 3420 2119 3513 yidere
2165 3421 2404 3485 datum
2450 3430 2581 3497 est,
2630 3440 2789 3484 nam

541 3516 631 3581 ad
669 3528 1026 3599 aperturas
1060 3517 1352 3593 illorum,
1385 3536 1560 3599 quae
1598 3524 1941 3579 vocantur
1977 3525 2224 3598 portae
2260 3514 2524 3590 inferni,
2559 3515 2789 3596 utplu-

543 3614 786 3677 rimum
823 3622 1112 3695 apparet
1146 3621 1553 3686 monstrum,
1594 3612 1778 3694 quod
1817 3611 1884 3674 in
1923 3612 2270 3675 communi
2306 3618 2790 3692 repraesentat

544 3709 833 3774 sormam
880 3709 1150 3772 illorum
1197 3710 1310 3789 qui
1362 3708 1528 3771 inibi
1573 3718 1777 3771 sunt:
1841 3706 2174 3771 saevitiae
2218 3726 2497 3789 eorum,s
2524 3704 2638 3789 qui
2696 3704 2791 3768 ibi

543 3812 722 3879 sunt,
763 3805 974 3867 etiam
1021 3803 1221 3868 simul
1269 3814 1432 3867 tunc
1471 3811 2079 3884 repraesentantur
2122 3822 2242 3884 per
2288 3802 2433 3865 dira
2479 3812 2552 3865 et
2598 3812 2791 3865 atro-

545 3900 673 3974 cia,
701 3920 874 3982 quae
905 3918 1290 3963 memorare
1322 3898 1824 3979 supersedetur.
1917 3896 2020 3962 At
2052 3898 2405 3961 sciendum
2436 3907 2568 3972 est,
2606 3896 2789 3980 quod

544 3996 816 4079 spiritus
856 3994 1220 4058 infernales
1257 4004 1638 4075 appareant
1677 3991 1858 4055 tales
1903 3994 1972 4056 in
2012 3993 2165 4057 luce
2204 3993 2401 4067 caeli,
2442 3993 2566 4057 sed
2610 3994 2792 4057 inter

545 4112 620 4155 se
665 4092 843 4155 sicut
889 4090 1242 4168 homines;
1305 4089 1436 4152 hoc
1483 4110 1576 4152 ex
1623 4087 2093 4151 misericordia
2132 4088 2434 4163 Domini,
2476 4108 2563 4153 ne
2607 4089 2793 4153 inter

545 4206 622 4251 se
651 4187 862 4250 etiam
889 4186 1260 4250 foeditates
1292 4186 1454 4259 sint,
1481 4186 1658 4248 sicut
1690 4195 2029 4266 apparent
2056 4204 2287 4247 coram
2312 4184 2619 4266 angelis:
2670 4182 2792 4247 sed

546 4282 954 4365 apparentia
997 4281 1117 4345 illa
1177 4290 1286 4346 est
1347 4281 1643 4354 fallacia,
1696 4300 1853 4343 nam
1902 4281 2270 4362 utprimum
2316 4278 2574 4363 aliquid
2621 4279 2795 4343 lucis

546 4398 585 4443 e
645 4378 846 4441 caelo
904 4376 1322 4451 immittitur,
1377 4376 1720 4439 humanae
1778 4374 2055 4439 illorum
2114 4376 2373 4440 formae
2432 4384 2797 4441 vertuntur

548 4474 614 4537 in
648 4483 1101 4546 monstrosas,
1136 4472 1375 4554 quales
1412 4472 1477 4534 in
1515 4492 1588 4535 se
1623 4479 1807 4545 sunt,
1842 4470 1929 4535 de
1958 4471 2205 4553 quibus
2237 4491 2482 4554 supra;
2528 4490 2689 4535 nam
2728 4472 2797 4534 in

550 4568 701 4633 luce
739 4568 914 4632 caeli
943 4578 1236 4650 apparet
1269 4586 1472 4631 omne
1505 4568 1682 4631 sicut
1718 4566 1789 4629 in
1827 4588 1903 4631 se
1938 4576 2063 4631 est.
2157 4566 2329 4631 Inde
2361 4586 2631 4651 quoque
2668 4576 2797 4641 est,

549 4664 732 4747 quod
779 4662 1006 4728 lucem
1039 4662 1215 4728 caeli
1249 4662 1540 4746 fugiant,
1583 4671 1656 4726 et
1700 4662 1771 4725 in
1817 4680 2013 4727 suum
2048 4662 2277 4727 lumen
2326 4682 2403 4727 se
2448 4662 2796 4744 dejiciant,
