3371 5304
1103 642 1310 708 Quoi>
1355 642 1703 696 nouimus
1744 643 2005 696 ason
2050 643 2417 696 mamm&
2762 649 2887 715 349

639 822 752 878 tur
796 833 840 878 a
883 813 1184 879 Domino
1227 833 1350 898 per
1393 813 1673 906 spiritus
1716 815 1831 900 qui
1874 814 1944 880 in
1992 815 2249 880 mundo
2292 817 2649 899 spirituum
2696 827 2857 882 sunt

638 910 728 973 de
763 929 900 992 qua
933 930 1006 974 re
1041 910 1220 976 infra
1249 911 1320 974 in
1357 930 1481 974 suo
1511 911 1810 976 articulo
1838 912 2185 994 agendum
2221 921 2353 975 est.
2442 911 2616 975 Tale
2649 913 2873 995 aequi-

639 1004 906 1069 librium
939 1023 1078 1068 non
1109 1005 1254 1068 dari
1293 1014 1546 1087 potest,
1575 1007 1702 1070 nisi
1732 1007 2073 1070 Dominus
2100 1015 2303 1088 regat
2334 1014 2696 1089 utrumque
2734 1018 2883 1070 tam

637 1098 906 1162 caelum
951 1117 1158 1182 quam
1203 1099 1562 1173 infernum,
1609 1120 1693 1164 ac
1754 1103 2077 1185 utrinque
2122 1101 2561 1180 moderetur;
2629 1101 2881 1184 alioqui

636 1193 810 1258 falsa
874 1215 968 1258 ex
1031 1195 1218 1259 malo
1274 1197 1939 1278 superabundarent,
1986 1206 2060 1260 et
2118 1195 2475 1262 afficerent
2530 1196 2882 1280 simplices

637 1291 858 1355 bonos
891 1291 1008 1374 qui
1043 1291 1114 1354 in
1151 1289 1408 1354 ultimis
1448 1291 1621 1356 caeli
1657 1301 1843 1368 sunt,
1882 1293 1997 1376 qui
2034 1292 2297 1356 facilius
2332 1293 2636 1375 perverti
2671 1311 2879 1375 quam

635 1387 764 1467 ipsi
815 1385 1048 1468 angeli
1093 1395 1407 1467 possunt,
1455 1396 1529 1452 et
1587 1388 1687 1451 sic
1748 1390 2000 1469 periret
2045 1387 2541 1472 aequilibrium,
2588 1395 2663 1452 et
2722 1405 2879 1451 cum

637 1480 1038 1564 aequilibrio
1076 1481 1362 1546 liberum
1399 1482 1582 1564 apud
1620 1482 1957 1548 homines.

759 1589 956 1661 541.
1017 1577 1360 1642 Infernum
1407 1577 1726 1642 similiter
1784 1580 1853 1641 in
1896 1580 2277 1642 societates
2321 1574 2725 1642 distinctum
2770 1587 2880 1642 est

635 1683 836 1755 prout
868 1671 1160 1748 caelum,
1193 1682 1266 1736 et
1299 1693 1569 1756 quoque
1605 1675 1674 1736 in
1708 1683 1818 1738 tot
1850 1677 2231 1738 societates
2262 1675 2329 1737 in
2364 1683 2533 1756 quot
2566 1672 2832 1736 caelum
2860 1695 2875 1750 ;

638 1785 794 1830 nam
856 1768 1272 1850 unaquaevis
1307 1769 1612 1832 societas
1669 1769 1737 1832 in
1796 1769 1995 1833 caelo
2040 1770 2167 1834 sibi
2227 1771 2617 1852 oppositam
2666 1769 2877 1834 habet

635 1862 1043 1926 societatem
1089 1864 1158 1926 in
1205 1863 1487 1938 inferno,
1527 1874 1598 1928 et
1645 1863 1777 1928 hoc
1828 1875 2111 1948 propter
2156 1865 2650 1948 aequilibrium.
2740 1863 2877 1929 Sed

633 1959 1010 2022 societates
1067 1959 1135 2021 in
1195 1957 1459 2022 inferno
1505 1957 1871 2024 distinctae
1913 1970 2079 2024 sunt
2124 1960 2503 2024 secundum
2566 1959 2749 2026 mala
2808 1970 2879 2023 et

633 2053 796 2117 inde
831 2053 1024 2130 salsa,
1064 2054 1220 2137 quia
1255 2056 1630 2119 societates
1674 2057 1743 2118 in
1788 2055 1988 2120 caelo
2021 2066 2186 2120 sunt
2222 2054 2593 2121 distinctae
2630 2075 2875 2119 secun-

633 2151 797 2212 dum
833 2150 1018 2213 bona
1050 2160 1123 2212 et
1159 2149 1318 2214 inde
1355 2170 1540 2214 vera.
1633 2149 1845 2232 Quod
1878 2153 2213 2216 unicuivis
2244 2152 2429 2214 bono
2462 2152 2559 2215 sit
2597 2153 2874 2234 opposi-

631 2257 781 2310 tum
819 2243 1100 2320 malum,
1141 2253 1214 2308 et
1259 2247 1594 2311 unicuivis
1637 2267 1803 2311 vero
1846 2249 1937 2312 sit
1984 2249 2377 2330 oppositum
2408 2247 2677 2323 falsum,
2714 2249 2875 2312 sciri

631 2350 869 2426 potest
927 2361 1018 2404 ex
1077 2361 1184 2416 e0,
1225 2343 1407 2424 quod
1467 2363 1607 2407 non
1667 2343 1759 2408 sit
1804 2344 2059 2427 aliquid
2095 2344 2355 2427 absque
2398 2344 2735 2408 relatione
2786 2343 2879 2407 ad

629 2455 825 2500 suum
863 2437 1282 2518 oppositum,
1318 2447 1390 2500 et
1426 2438 1610 2523 quod
1647 2457 1742 2502 ex
1778 2441 2108 2522 opposito
2140 2449 2465 2502 noscatur
2500 2439 2705 2522 quale
2740 2451 2877 2516 est,

628 2543 704 2597 et
740 2531 810 2596 in
846 2552 984 2615 quo
1021 2531 1260 2614 gradu,
1295 2541 1366 2595 et
1405 2534 1587 2616 quod
1628 2535 1790 2598 inde
1826 2535 1919 2598 sit
1954 2536 2181 2598 omnis
2220 2536 2571 2617 perceptio
2608 2545 2681 2598 et
2716 2555 2879 2598 sen·

629 2629 828 2693 satio„
919 2625 1148 2709 Quare
1183 2626 1518 2691 Dominus
1542 2627 1800 2712 jugiter
1832 2630 2171 2711 providet,
2204 2640 2281 2693 ut
2320 2631 2543 2693 omnis
2572 2631 2877 2695 societas

627 2724 800 2788 caeli
837 2744 1032 2789 suum
1071 2724 1466 2805 oppositum
1503 2724 1761 2789 habeat
1798 2724 1867 2789 in
1904 2726 2242 2789 societate
2280 2725 2541 2801 inferni,
2576 2736 2650 2789 et
2688 2728 2873 2809 quod

627 2820 803 2883 inter
839 2818 996 2882 illas
1033 2817 1504 2900 aequilibrium
1531 2814 1654 2883 sit.

752 2928 948 2997 542.
1009 2912 1188 2995 Quia
1223 2913 1557 2977 infernum
1604 2916 1672 2977 in
1722 2924 1832 2979 tot
1871 2917 2251 2979 societates
2288 2912 2689 2979 distinctum
2736 2925 2870 2990 est,

627 3013 695 3074 in
755 3018 922 3094 quot
970 3008 1258 3082 caelum,
1307 3009 1468 3073 ideo
1513 3030 1785 3093 quoque
1842 3011 2139 3075 totidem
2185 3010 2448 3074 inferna
2493 3021 2655 3074 sunt
2700 3023 2872 3095 quot

625 3106 1004 3169 societates
1063 3104 1261 3178 caeli,
1319 3124 1478 3168 nam
1540 3108 1960 3189 unaquaevis
2026 3108 2329 3170 societas
2396 3106 2571 3169 caeli
2633 3118 2739 3171 est
2802 3108 2871 3171 in

627 3202 891 3265 minore
910 3200 1124 3263 forma
1146 3198 1410 3263 caelum
1435 3198 1781 3283 (videatur
1802 3220 2003 3284 supra
2028 3222 2092 3265 n.
2126 3199 2385 3283 51—58),
2404 3202 2503 3264 ita
2522 3221 2871 3284 unaquae-

624 3298 728 3359 vis
771 3298 1075 3359 societas
1113 3295 1354 3359 inferni
1399 3306 1510 3361 est
1555 3297 1624 3359 in
1673 3298 1939 3361 minore
1982 3297 2203 3361 forma
2248 3296 2603 3359 infernum.
2692 3294 2871 3378 Quia

623 3393 690 3455 in
723 3410 978 3473 genere
1005 3401 1146 3455 tres
1172 3391 1346 3454 caeli
1371 3402 1556 3467 sunt,
1584 3392 1742 3455 ideo
1766 3412 2033 3475 quoque
2068 3394 2135 3455 in
2168 3410 2423 3473 genere
2454 3392 2586 3455 tria
2612 3392 2871 3456 inferna

624 3497 784 3552 sunt
809 3510 832 3564 ’ς
879 3484 1182 3551 infimum
1208 3487 1390 3568 quod
1415 3489 1814 3569 oppositum
1839 3498 1949 3551 est
1988 3489 2233 3551 intimo
2258 3508 2379 3550 seu
2412 3488 2622 3551 tertio
2646 3488 2874 3565 caelo,

624 3584 923 3647 medium
962 3583 1144 3665 quod
1183 3585 1577 3665 oppositum
1614 3594 1727 3648 est
1766 3584 1996 3647 medio
2032 3603 2153 3646 seu
2188 3583 2496 3646 seeundo
2532 3582 2749 3658 caelo,
2788 3602 2869 3648 ac

624 3680 930 3762 superius
969 3678 1152 3761 quod
1191 3680 1562 3761 oppisitum
1601 3687 1711 3742 est
1744 3678 1995 3742 ultimo
2032 3698 2155 3741 seu
2193 3679 2412 3759 primo
2446 3678 2667 3741 caelo,

748 3788 951 3857 543.
1013 3772 1384 3855 Quomodo
1440 3785 1672 3837 autem
1732 3774 1995 3839 inferna
2052 3784 2385 3855 reguntur
2440 3794 2483 3836 a
2543 3772 2864 3848 Domino,

624 3872 833 3936 etiam
881 3873 1114 3953 paucis
1153 3873 1433 3935 dicetur.
1523 3871 1891 3953 Reguntur
1936 3872 2199 3935 inferna
2244 3872 2312 3933 in
2359 3871 2703 3934 communi
2753 3891 2871 3952 per

623 3966 953 4030 affluxurn
986 3987 1422 4032 communem
1459 3966 1689 4031 Divini
1724 3966 1896 4031 Boni
1934 3988 2014 4030 ac
2051 3966 2279 4030 Divini
2312 3965 2477 4028 Veri
2510 3984 2601 4028 ex
2634 3966 2867 4039 caeliS,

623 4084 743 4145 per
787 4082 988 4145 quem
1037 4064 1418 4126 communis
1457 4073 1749 4127 conatus
1787 4062 2071 4126 effluens
2118 4083 2208 4125 ex
2256 4061 2534 4124 infernis
2572 4059 2868 4123 refrena-

621 4170 733 4221 tur
791 4168 862 4220 et
923 4168 1332 4235 coercetur;
1401 4167 1473 4222 et
1529 4179 1800 4241 quoque
1848 4178 1969 4239 per
2025 4156 2353 4219 affluxum
2402 4154 2771 4237 specialem
2832 4176 2869 4218 e

622 4252 932 4335 quolibet
971 4254 1190 4325 caelo,
1232 4264 1304 4317 et
1351 4275 1443 4317 ex
1488 4254 1797 4336 qualibet
1836 4254 2179 4316 societate
2218 4252 2412 4315 caeli.
2506 4251 2871 4332 Reguntur

621 4348 882 4411 inferna
929 4349 996 4411 in
1045 4349 1438 4431 particulari
1483 4368 1602 4431 per
1646 4347 1961 4430 angelos,
2000 4348 2243 4430 quibus
2291 4348 2491 4410 datur
2534 4347 2859 4427 inspicere

621 4443 690 4506 in
729 4443 1013 4518 inferna,
1055 4452 1128 4508 et
1166 4462 1611 4527 compescere
1648 4442 1953 4507 insanias
1988 4453 2060 4506 et
2100 4442 2341 4506 turbas
2378 4441 2507 4519 ibi;
2556 4440 2868 4523 quando-

627 4560 758 4623 que
794 4540 1008 4602 etiam
1048 4538 1418 4601 mittuntur
1453 4533 1614 4599 illuc
1652 4534 1909 4617 angeli,
1947 4553 2029 4599 ac
2066 4544 2467 4617 praesentes
2506 4534 2869 4598 moderan-

627 4645 740 4698 tur
785 4633 959 4698 illas.
1050 4632 1128 4697 In
1179 4651 1432 4715 genere
1487 4640 1723 4695 autem
1778 4650 2019 4693 omnes
2069 4630 2185 4712 qui
2237 4630 2303 4692 in
2353 4628 2631 4693 infernis
2684 4639 2867 4705 sunt,
