3371 5304
575 634 703 701 254
1218 618 1321 669 DE
1365 615 1617 669 CAELO
1663 618 1762 667 ET
1808 615 2172 667 INFERNO.

696 814 898 885 40¹7·
959 799 1272 883 Quidam‘
1300 801 1413 884 qui
1470 800 1538 865 in
1596 800 1742 865 vita
1801 800 2106 882 corporis
2153 806 2405 882 potens
2463 796 2586 862 fuit
2645 818 2806 881 prae

572 899 743 975 aliis,
784 900 851 961 in
896 898 1119 962 altera
1163 899 1312 963 vita
1352 898 1635 962 retinuit
1682 898 1864 981 quod
1909 898 2120 961 etiam
2165 898 2500 980 imperare
2544 895 2805 959 vellet:

570 998 678 1060 cui
714 994 969 1060 dictum
1008 1006 1142 1073 est,
1182 996 1365 1079 quod
1409 997 1479 1061 in
1516 995 1655 1059 alio
1691 1016 1908 1077 regno
1945 996 2068 1070 sit,
2095 995 2278 1077 quod
2316 1003 2694 1071 aeternum,
2734 1004 2809 1057 et

570 1093 751 1176 quod
798 1096 1131 1174 imperare
1174 1094 1316 1175 ejus
1376 1094 1445 1157 in
1496 1103 1681 1158 terra
1727 1103 2076 1157 mortuum
2121 1093 2235 1168 sit,
2282 1101 2354 1157 et
2399 1092 2583 1175 quod
2630 1108 2810 1157 nunc

570 1210 711 1255 non
735 1193 1137 1256 aestimetur
1159 1193 1512 1274 quisquam
1537 1210 1742 1273 quarn
1768 1192 2144 1255 secundum
2168 1190 2422 1253 bonum
2449 1199 2520 1253 et
2550 1208 2808 1266 verum,

568 1297 643 1352 et
708 1289 1082 1353 secundum
1128 1289 1659 1353 misericordiam
1718 1288 2016 1363 Domini,
2063 1288 2132 1351 in
2191 1308 2326 1370 qua
2383 1308 2476 1349 ex
2536 1287 2682 1351 vita
2739 1288 2809 1351 in

570 1386 824 1449 mundo
848 1387 978 1464 sit3
1026 1396 1173 1451 tum
1200 1386 1384 1469 quod
1416 1386 1548 1451 hoc
1572 1404 1863 1467 regnum
1895 1404 1968 1450 se
2000 1384 2256 1449 habeat
2289 1385 2465 1449 sicut
2498 1386 2567 1449 in
2600 1394 2807 1461 terra,

569 1483 683 1547 ubi
740 1484 1195 1548 aestimantur
1254 1494 1535 1567 propter
1592 1504 1782 1565 opeS,
1821 1493 1894 1548 et
1953 1492 2231 1565 propter
2274 1482 2567 1563 gratiam
2626 1482 2808 1565 apud

567 1580 981 1662 principem3
1029 1601 1196 1664 opes
1228 1581 1336 1645 hic
1377 1591 1536 1646 sunt
1574 1582 1832 1646 bonum
1863 1590 1936 1645 et
1972 1597 2232 1655 verum,
2259 1588 2332 1643 et
2369 1580 2596 1661 gratia
2625 1579 2809 1661 apud

570 1674 949 1757 Principem
1003 1688 1112 1741 est
1166 1677 1630 1741 misericordia
1688 1677 1756 1740 in
1815 1696 1950 1759 qua
2005 1683 2114 1739 est
2163 1675 2376 1740 homo
2431 1675 2808 1739 secundum

567 1774 782 1837 vitam
818 1792 1009 1835 suam
1048 1774 1115 1835 in
1156 1772 1411 1837 mundo
1448 1774 1629 1856 apud
1668 1773 2082 1851 Dominum;
2130 1773 2186 1837 si
2222 1771 2426 1835 aliter
2461 1772 2632 1836 velit
2677 1774 2806 1836 im-

568 1889 826 1952 perare,
864 1870 1145 1955 rebellis
1181 1881 1311 1947 est,
1354 1890 1511 1935 nam
1558 1871 1625 1934 in
1670 1870 1875 1935 Alius
1910 1890 2130 1951 regno
2165 1879 2295 1934 est.
2389 1869 2519 1933 His
2553 1869 2806 1934 auditis

568 1966 965 2048 pudefactus
1002 1977 1129 2032 est.

692 2066 902 2149 408.
962 2065 1270 2130 Locutus
1305 2083 1457 2129 sum
1502 2082 1657 2131 cum
1697 2065 2066 2149 spiritibus,
2105 2066 2220 2148 qui
2265 2064 2606 2148 putabant
2643 2084 2805 2129 cae-

568 2162 705 2225 lum
744 2172 816 2226 et
854 2164 1175 2244 gaudium
1214 2164 1519 2227 caeleste
1564 2164 1632 2226 in
1668 2183 1754 2227 eo
1800 2163 2198 2239 consistere,
2239 2172 2313 2226 ut
2351 2164 2584 2245 magni
2621 2164 2802 2227 sint:

567 2260 689 2323 sed
734 2256 989 2323 dictum
1036 2270 1146 2325 est
1192 2262 1295 2337 iis,
1334 2261 1517 2344 quod
1563 2262 1632 2324 in
1678 2262 1877 2325 caelo
1923 2262 2266 2325 maximus
2312 2261 2401 2324 sit
2447 2262 2560 2343 qui
2606 2261 2804 2324 mini-

568 2376 756 2435 mus3
818 2375 977 2420 nam
1025 2358 1341 2423 minimus
1385 2359 1656 2436 dicitur,
1697 2359 1811 2441 qui
1858 2358 2023 2423 nihil
2079 2367 2316 2441 potest
2361 2368 2433 2422 et
2478 2359 2680 2442 sapit,
2721 2378 2802 2423 ac

565 2454 715 2517 vult
762 2454 927 2518 nihil
977 2474 1177 2535 posse
1222 2463 1293 2519 et
1340 2474 1601 2537 sapere,
1650 2478 1742 2521 ex
1791 2476 1887 2533 se,
1928 2456 2050 2520 sed
2097 2476 2188 2520 ex
2235 2454 2578 2535 Domino;
2643 2454 2806 2519 talis

568 2553 883 2615 minimus
928 2554 1304 2616 maximam
1342 2553 1748 2618 felicitatem
1786 2555 2038 2632 habet3
2107 2563 2179 2617 et
2225 2554 2382 2636 quia
2428 2552 2801 2616 maximam

517 2636 533 2650 ”
565 2649 968 2714 felicitatem
1016 2650 1248 2726 habet,
1298 2652 1600 2734 sequitur
1644 2652 1804 2716 inde
1852 2651 2035 2735 quod
2095 2652 2186 2717 sit
2232 2652 2593 2726 maximuS,
2643 2669 2804 2714 nam

566 2749 661 2812 sic
722 2767 763 2810 a
809 2746 1109 2812 Domino
1152 2749 1383 2812 omnia
1429 2759 1666 2833 potest
1713 2760 1786 2814 et
1845 2770 2009 2832 prae
2054 2750 2370 2814 omnibus
2415 2750 2616 2832 sapit.
2706 2749 2804 2812 Et

564 2845 724 2926 quid
755 2855 864 2909 est
892 2847 1233 2910 maximus
1254 2866 1404 2910 esse
1437 2847 1563 2911 nisi
1588 2867 1792 2930 quam
1815 2846 2295 2911 felicissimus?
2339 2845 2799 2910 felicissimum

565 2942 745 3004 enim
777 2962 930 3006 esse
962 2953 1295 3025 quaerunt
1323 2953 1651 3026 potentes
1690 2965 1812 3028 per
1841 2945 2252 3027 potentiam,
2288 2952 2357 3008 et
2392 2944 2644 3007 divites
2683 2963 2802 3026 per

567 3036 861 3100 divitias.
952 3037 1161 3101 Porro
1197 3036 1454 3102 dictum
1492 3050 1623 3116 est,
1657 3041 1842 3122 quod
1882 3061 2019 3104 non
2052 3040 2390 3104 consistat
2429 3040 2696 3103 caelum
2732 3040 2800 3103 in

566 3153 672 3208 e0,
712 3143 787 3198 ut
825 3135 1173 3198 desideret
1213 3136 1563 3200 minimum
1600 3157 1753 3200 esse
1792 3138 1883 3201 ob
1919 3137 2125 3201 finem
2171 3147 2246 3202 ut
2293 3138 2385 3201 sit
2433 3137 2798 3212 maximuS,

567 3240 730 3294 tunc
770 3233 951 3294 enim
990 3233 1205 3314 spirat
1251 3244 1324 3298 et
1371 3235 1556 3317 cupit
1596 3255 1750 3298 esse
1789 3236 2203 3310 maximum,
2252 3234 2375 3298 sed
2413 3242 2546 3310 est,
2588 3243 2662 3298 ut
2708 3253 2800 3298 ex

566 3328 772 3390 corde
818 3328 969 3392 aliis
1015 3330 1257 3392 melius
1302 3331 1472 3394 velit
1518 3351 1720 3414 quam
1768 3332 1915 3407 sibi,
1956 3341 2026 3395 et
2072 3333 2324 3396 servire
2369 3331 2518 3396 aliis
2565 3350 2800 3395 eorum

566 3422 911 3489 felicitatis
949 3427 1196 3507 gratia,
1236 3449 1327 3490 ex
1365 3428 1555 3492 nullo
1593 3428 1726 3493 fine
1764 3440 2047 3514 propter
2085 3451 2158 3494 se
2192 3439 2268 3494 ut
2306 3439 2796 3505 remuneretur,

566 3522 686 3585 sed
723 3542 812 3584 ex
852 3541 1105 3588 amore.

690 3632 905 3702 409.
966 3619 1197 3702 Ipsum
1228 3623 1552 3704 gaudium
1576 3623 1905 3700 caeleste,
1933 3623 2134 3708 quale
2165 3633 2276 3688 est
2309 3623 2375 3688 in
2409 3644 2532 3688 sua
2561 3642 2799 3689 essen-

565 3713 683 3790 tia,
724 3735 861 3779 non
901 3717 1192 3782 describi
1229 3729 1490 3801 potest,
1530 3721 1688 3803 quia
1724 3731 1834 3785 est
1879 3723 1950 3785 in
1995 3722 2252 3786 intimis
2290 3723 2474 3787 vitae
2512 3721 2798 3804 angelo-

564 3832 734 3888 rum,
774 3823 847 3877 et
892 3813 1049 3878 inde
1088 3816 1154 3878 in
1193 3817 1478 3900 singulis
1516 3819 1962 3900 cogitationis
2008 3829 2080 3884 et
2126 3815 2502 3885 affectionis
2541 3838 2796 3895 eorum,

564 3917 637 3972 et
675 3930 767 3973 ex
803 3910 910 3975 his
948 3911 1014 3975 in
1053 3914 1342 3996 singulis
1374 3914 1690 3998 loquelae
1727 3926 1802 3980 et
1839 3916 1906 3980 in
1944 3918 2233 3999 singulis
2267 3915 2576 3981 actionis.
2666 3915 2798 3981 Est

563 4006 741 4071 sicut
777 4008 1104 4074 interiora
1140 4021 1374 4076 essent
1412 4012 1618 4094 plane
1664 4023 1909 4097 aperta
1951 4026 2024 4080 et
2071 4014 2376 4080 resoluta
2419 4015 2507 4078 ad
2554 4015 2797 4098 recipi-

564 4104 816 4168 endum
848 4103 1221 4188 jucundum
1258 4119 1328 4173 et
1367 4110 1669 4186 beatum,
1704 4111 1888 4194 quod
1927 4113 2346 4194 dispergitur
2382 4113 2450 4175 in
2489 4112 2796 4194 singulas

562 4197 788 4278 fibraS,
830 4215 902 4269 et
948 4206 1043 4270 sic
1092 4226 1211 4288 per
1247 4215 1511 4286 totum;
1572 4210 1753 4273 unde
1793 4211 2146 4292 perceptio
2193 4219 2264 4274 et
2311 4211 2620 4274 sensatio
2657 4209 2797 4292 ejus

564 4307 671 4362 est
710 4301 871 4364 talis
910 4312 985 4365 ut
1022 4324 1159 4367 non
1198 4305 1491 4369 describi
1528 4309 1793 4388 possit;
1840 4308 2020 4390 quod
2054 4308 2237 4372 enim
2275 4308 2362 4371 ab
2396 4309 2658 4372 intimis
2694 4309 2796 4370 in-

564 4395 796 4474 choat,
830 4399 962 4463 hoe
996 4401 1210 4467 influit
1243 4401 1310 4465 in
1344 4404 1615 4486 singula
1646 4425 1821 4488 quae
1859 4427 1950 4470 ex
1982 4406 2238 4470 intimis
2269 4404 2581 4470 derivata
2611 4415 2796 4481 sunt,

565 4503 636 4556 et
682 4515 755 4559 se
802 4508 1187 4580 propagant
1225 4519 1495 4584 semper
1540 4521 1696 4566 cum
1743 4514 2120 4585 augmento
2157 4524 2392 4568 versus
2429 4504 2798 4568 exteriora.

565 4586 855 4672 Spiritus
892 4594 1052 4658 boni
1099 4597 1211 4679 qui
1250 4598 1553 4663 nondum
1600 4600 1669 4665 in
1715 4599 1838 4664 illo
1865 4597 2168 4682 jucundo
2205 4612 2387 4678 sunt,
2427 4603 2586 4684 quia
2623 4619 2796 4664 non-
