3371 5304
1170 609 1276 664 DE
1319 607 1684 662 TEMPORE
1730 608 1817 662 m
1858 605 2135 661 CAELo.
2691 605 2777 674 97

531 783 715 851 ultra
744 781 1025 848 modum
1049 780 1538 864 exsplenduit:
1585 779 1946 846 dicebatur
1968 779 2152 863 quod
2184 779 2254 844 id
2286 787 2473 846 esset
2494 787 2776 862 quartus

527 888 756 944 status
801 877 937 941 illis
973 877 1088 962 qui
1147 878 1216 940 in
1276 897 1496 960 regno
1554 875 1865 949 caelesti,
1907 885 1980 939 et
2041 876 2296 958 primus
2342 875 2477 940 illis
2535 875 2647 959 qui
2708 875 2775 939 in

529 991 750 1058 regno
797 973 1172 1056 spirituali3
1233 983 1306 1038 et
1366 972 1552 1056 quod
1601 973 2030 1038 mutationes
2080 979 2307 1036 status
2361 971 2429 1034 in
2485 980 2777 1052 utroque

524 1091 746 1154 regno
779 1070 878 1136 ita
914 1071 1100 1136 vices
1137 1069 1534 1148 alternent3
1589 1080 1663 1136 at
1706 1087 1845 1132 non
1890 1069 1959 1132 in
1997 1077 2176 1142 toto,
2214 1066 2336 1132 sed
2383 1068 2453 1132 in
2490 1088 2629 1132 una
2663 1087 2776 1132 so-

526 1167 788 1232 cietate
817 1175 977 1248 post
1001 1164 1296 1230 alteram
1322 1186 1338 1244 ;
1387 1175 1532 1230 tum
1560 1165 1744 1247 quod
1776 1164 1963 1228 vices
1992 1163 2153 1229 illae
2184 1183 2321 1230 non
2349 1172 2580 1229 statae
2612 1163 2775 1236 sint.

527 1262 652 1327 sed
683 1262 1172 1344 superveniant
1202 1261 1417 1326 serius
1449 1270 1569 1324 aut
1599 1261 1805 1325 citius
1834 1259 1969 1324 illis
1993 1259 2479 1324 nescientibus.
2570 1258 2779 1324 Porro

527 1356 853 1420 dicebant
889 1356 1075 1441 quod
1115 1353 1234 1420 Sol
1271 1356 1338 1418 in
1387 1376 1464 1420 se
1501 1372 1638 1420 non
1679 1356 1780 1420 ita
1816 1364 2147 1429 mutetur,
2187 1373 2313 1419 nec
2354 1355 2451 1418 ita
2489 1373 2774 1436 progre-

528 1451 778 1526 diatur,
818 1451 942 1515 sed
995 1451 1180 1534 quod
1235 1471 1450 1534 usque
1507 1451 1607 1515 ita
1665 1459 1998 1534 appareat
2044 1449 2419 1514 secundum
2466 1457 2775 1514 statuum

528 1545 952 1612 successivas
1011 1547 1532 1628 progressiones
1591 1546 1771 1628 apud
1826 1544 2005 1621 illos,
2051 1545 2377 1628 quoniam
2440 1544 2777 1608 Dominus

529 1641 862 1708 unicuivis
905 1642 1284 1706 secundum
1331 1640 1532 1724 quale
1577 1638 1724 1722 ejus
1770 1649 1992 1705 status
2038 1649 2349 1724 apparet,
2388 1641 2489 1704 ita
2532 1639 2777 1706 rutilus

523 1735 660 1800 illis
696 1755 852 1800 cum
891 1737 962 1802 in
998 1737 1278 1802 intenso
1307 1755 1542 1802 amore
1573 1744 1771 1816 sunt3
1818 1735 2041 1800 minus
2078 1736 2342 1810 rutiluS,
2378 1745 2450 1801 et
2488 1735 2777 1802 tandem

525 1831 880 1907 candidus,
917 1851 1076 1898 cum
1113 1849 1308 1896 amor
1343 1831 1665 1898 decedit:
1714 1842 1789 1896 et
1826 1831 2010 1916 quod
2042 1831 2244 1916 quale
2277 1851 2511 1896 eorum
2550 1841 2777 1898 status

524 1935 1118 2009 repraesentatum
1159 1928 1248 1990 sit
1286 1946 1408 2009 per
1436 1926 1789 2009 cingulum
1826 1928 2213 2002 obscurum,
2248 1927 2433 2010 quod
2470 1925 2613 1992 Soli
2650 1947 2776 2010 ap-

523 2031 851 2104 parentes
887 2021 1044 2086 illas
1081 2022 1502 2088 variationes
1537 2023 1765 2106 quoad
1802 2022 2149 2088 flammam
2195 2033 2267 2088 et
2314 2020 2537 2088 lucem
2574 2022 2786 2088 indu·.

525 2117 753 2184 cebet.

651 2211 856 2278 160.
913 2211 1215 2296 Quando
1271 2212 1504 2296 angeli
1569 2215 1638 2278 in
1698 2223 1889 2280 statu
1948 2214 2195 2279 ultimo
2250 2223 2435 2289 sunt,
2492 2215 2608 2298 qui
2666 2225 2774 2282 est

525 2309 806 2392 quando
861 2310 930 2374 in
999 2329 1124 2374 suo
1173 2311 1472 2392 proprio,
1521 2310 1855 2393 incipiunt
1908 2311 2157 2375 maesti
2208 2309 2374 2375 fieri.
2464 2309 2775 2375 Locutus

525 2421 676 2468 sum
706 2422 864 2468 cum
901 2403 1036 2468 illis
1095 2405 1376 2487 quando
1437 2406 1506 2469 in
1559 2404 1683 2470 illo
1721 2413 1913 2470 statu
1950 2415 2174 2482 erant,
2215 2415 2289 2470 et
2350 2406 2775 2472 maestitiam

525 2500 714 2578 vidi3
779 2499 902 2564 sed
947 2499 1298 2576 dicebant,
1340 2501 1524 2583 quod
1569 2502 1636 2566 in
1684 2520 1811 2584 spe
1853 2501 1991 2565 sint
2028 2501 2215 2584 quod
2258 2501 2449 2566 brevi
2493 2503 2776 2567 redituri

525 2595 592 2659 in
641 2593 1000 2678 pristinum
1039 2603 1327 2671 statum,
1367 2605 1444 2661 et
1487 2596 1582 2663 sic
1631 2597 1827 2680 quasi
1870 2597 2120 2663 iterum
2166 2597 2235 2661 in
2280 2596 2573 2675 caelum,
2616 2616 2772 2663 nam

527 2690 796 2755 caelum
833 2689 969 2754 illis
1007 2700 1116 2755 est
1149 2692 1444 2757 detineri
1481 2712 1522 2755 a
1557 2694 1853 2775 proprio.

651 2785 844 2852 161.
901 2783 1079 2853 Sunt
1111 2788 1322 2851 etiam
1353 2787 1424 2851 in
1455 2786 1739 2852 infernis
1764 2795 1992 2853 status
2026 2790 2491 2865 mutationes:
2530 2786 2653 2854 sed
2686 2786 2775 2853 de

528 2878 662 2947 illie
697 2879 894 2958 infra,
933 2880 1050 2947 ubi
1079 2881 1170 2947 de
1207 2880 1496 2960 inferno,
1536 2883 1828 2950 dicetur.

1479 3436 1815 3525 [XVIII]

1156 3621 1271 3688 DE
1316 3623 1693 3689 TEMPORE
1736 3638 1823 3691 m
1868 3623 2152 3692 CAELo.

655 3806 848 3873 162.
907 3804 1370 3891 Quantumvis
1416 3811 1649 3877 omnia
1694 3813 2073 3877 succedunt
2118 3823 2189 3880 et
2244 3814 2776 3899 progrediuntur

529 3902 598 3965 in
633 3902 832 3966 caelo
869 3904 1048 3969 sicut
1083 3905 1152 3968 in
1191 3907 1473 3981 mundo,
1513 3926 1727 3989 usque
1766 3918 2000 3973 tamen
2040 3909 2309 3992 angelis
2346 3911 2535 3976 nulla
2580 3913 2775 3976 notio

532 4006 602 4062 et
648 3998 803 4063 idea
848 4000 1182 4083 temporis
1226 4010 1299 4067 et
1345 4004 1554 4084 spatii
1593 4013 1750 4081 est3
1812 4013 1899 4069 et·
1932 4013 2077 4069 tam
2116 4004 2327 4081 nulla,
2376 4017 2452 4072 ut
2498 4027 2774 4091 ptorsus

532 4112 667 4156 non
695 4095 920 4159 sciant
952 4094 1112 4178 quid
1145 4104 1420 4179 tempus
1453 4108 1524 4161 et
1556 4098 1878 4179 spatium.
1972 4098 2077 4163 De
2104 4098 2447 4185 Tempore
2478 4104 2545 4167 in
2576 4103 2775 4169 caelo

531 4186 640 4253 hic
681 4209 858 4254 nunc
899 4191 1188 4267 dicetur,
1229 4203 1300 4256 et
1340 4194 1427 4256 de
1468 4191 1712 4276 Spatio
1750 4196 1817 4258 in
1858 4214 1983 4259 suo
2018 4194 2331 4261 articulo.

658 4282 854 4366 163.
915 4283 1121 4367 Quod
1166 4288 1398 4369 angeli
1453 4308 1590 4351 non
1641 4290 1869 4355 sciant
1912 4292 2075 4375 quid
2120 4301 2415 4376 tempus,
2462 4294 2774 4378 quamvis

531 4380 762 4441 omnia
793 4381 974 4462 apud
1010 4379 1166 4445 illos
1199 4383 1585 4447 successive
1616 4385 2147 4467 progrediuntur
2176 4389 2351 4453 sicut
2384 4388 2453 4453 in
2492 4390 2771 4465 mundo,

531 4483 604 4539 et
649 4482 790 4539 tam
829 4495 1108 4558 prot-sue
1153 4486 1230 4541 ut
1275 4477 1468 4541 nulla
1509 4478 1899 4545 differentia
1934 4482 2043 4557 sit,
2092 4502 2301 4547 causa
2344 4492 2453 4549 est
2504 4485 2661 4569 quia
2704 4485 2773 4549 in

531 4566 727 4632 caelo
766 4588 906 4634 non
940 4581 1102 4636 sunt
1141 4573 1302 4637 anni
1347 4582 1420 4639 et
1465 4573 1634 4649 dies,
1674 4574 1800 4640 sed
1846 4585 2005 4642 sunt
2051 4579 2471 4643 mutationes
2505 4588 2771 4659 status;
