3371 5304
772 654 874 707 DE
911 653 1264 707 SECUNDO
1301 653 1547 709 STATU
1585 654 1915 708 HOMINIS
1950 655 2135 709 POST
2172 657 2525 710 MORTEM.
2680 661 2795 729 321

557 825 921 890 Recedunt
959 824 1170 889 etiam
1209 825 1303 889 sic
1351 845 1390 889 a
1428 823 1671 890 saneto
1705 836 2003 892 externo
2040 837 2110 892 et
2156 828 2439 892 veniunt
2484 829 2553 892 in
2601 849 2800 895 sanc·

555 933 702 988 tum
741 923 1115 998 internum,
1151 923 1219 986 in
1267 941 1402 1005 quo
1439 923 1580 1005 ipse
1620 923 1847 987 cultus
1884 945 2042 989 vere
2082 926 2445 1002 consistit:
2496 925 2655 990 talis
2692 937 2799 991 est

551 1024 780 1081 status
816 1014 1112 1092 illorum,
1146 1017 1258 1098 qui
1295 1017 1675 1080 secundum
1715 1026 2089 1102 praecepta
2125 1019 2193 1082 in
2234 1017 2471 1083 Verbo
2510 1017 2799 1084 Christi·

553 1130 758 1175 anam
816 1112 1033 1176 vitam
1092 1122 1406 1193 egerunt.
1499 1111 1605 1177 At
1659 1133 1936 1196 prorsus
1981 1116 2365 1177 contrarius
2410 1125 2519 1178 est
2574 1124 2799 1179 status

549 1206 844 1282 illorum,
886 1208 998 1291 qui
1043 1208 1113 1270 in
1160 1209 1418 1272 mundo
1461 1209 1530 1272 in
1578 1210 1765 1272 malo
1810 1211 2158 1286 vixerunt,
2199 1220 2271 1274 et
2318 1208 2563 1292 quibus
2608 1210 2799 1274 nulla

548 1303 996 1378 conscientia,
1031 1313 1104 1367 et
1139 1304 1300 1367 inde
1331 1315 1765 1387 negaverunt
1798 1303 2121 1368 Divinum
2150 1326 2165 1384 ;
2214 1324 2371 1369 nam
2406 1325 2647 1370 omnes
2684 1307 2795 1389 qui

547 1397 616 1462 in
662 1398 848 1462 malo
885 1400 1150 1474 vivunt,
1191 1399 1476 1464 interius
1519 1401 1584 1464 in
1634 1420 1709 1464 se
1748 1409 2011 1482 negant
2056 1399 2404 1477 Divinum,
2444 1411 2791 1484 utcunque

545 1511 700 1558 cum
733 1495 802 1557 in
835 1495 1148 1558 externis
1179 1505 1340 1559 sunt
1371 1505 1626 1578 putant
1659 1517 1734 1559 se
1773 1515 1911 1560 non
1946 1515 2200 1578 negare
2232 1496 2355 1560 sed
2385 1515 2789 1578 agnoscere,

549 1607 710 1652 nam
763 1609 1146 1671 agnoscere
1194 1589 1518 1655 Divinum
1573 1611 1652 1655 ac
1708 1590 1889 1656 male
1942 1592 2195 1667 vivere,
2244 1594 2566 1674 opposita
2610 1603 2789 1656 sunt.

546 1679 682 1768 Qui
711 1684 888 1748 tales
912 1696 1098 1760 sunt,
1120 1695 1458 1769 apparent
1491 1689 1559 1751 in
1590 1686 1812 1752 altera
1844 1688 2013 1762 vita,
2036 1706 2189 1751 cum
2222 1687 2289 1752 in
2323 1697 2583 1752 statum
2611 1689 2790 1752 inte-

543 1781 792 1846 riorum
825 1801 1100 1846 suorum
1130 1785 1438 1857 veniunt,
1465 1801 1620 1846 cum
1654 1783 2022 1846 audiuntur
2059 1782 2243 1866 loqui
2279 1794 2352 1847 et
2388 1782 2790 1865 spectantur

543 1895 773 1958 agere,
801 1879 978 1941 sicut
1015 1876 1225 1958 satui3
1265 1897 1422 1941 nam
1455 1899 1494 1942 a
1525 1879 1664 1942 suis
1694 1878 2183 1959 cupiditatibus
2208 1878 2403 1942 malis
2428 1889 2790 1962 erumpunt

543 1972 612 2035 in
657 1971 938 2046 nefaria,
987 1975 1053 2037 in
1110 1982 1555 2055 contemptus
1601 1972 1913 2049 aliorum,
1962 1975 2031 2038 in
2092 1974 2671 2039 subsannationes
2716 1986 2787 2039 et

542 2067 1032 2150 blasphemias,
1066 2069 1131 2132 in
1165 2069 1346 2144 odia,
1378 2069 1445 2132 in
1475 2067 1840 2143 vindictas»,
1874 2068 2353 2132 machinantur
2384 2069 2605 2144 dolos,
2639 2071 2787 2153 qui·

541 2161 702 2228 dam
739 2183 974 2230 eorum
1015 2163 1142 2231 tali
1177 2165 1436 2228 astutia
1481 2173 1554 2228 et
1601 2164 1888 2240 malitia,
1928 2173 2005 2228 ut
2050 2164 2169 2228 vix
2216 2165 2401 2228 credi
2448 2167 2669 2246 possit
2712 2175 2787 2230 ut

542 2257 784 2322 similis
829 2258 1028 2322 fuerit
1068 2260 1253 2324 intus
1299 2261 1368 2322 in
1414 2259 1646 2342 aliquo
1681 2260 2001 2324 homine:
2070 2270 2229 2324 sunt
2275 2261 2458 2325 enim
2506 2271 2669 2324 tunc
2717 2263 2784 2326 in

541 2362 732 2418 statu
777 2353 997 2418 libero
1033 2355 1286 2436 agendi
1325 2355 1703 2420 secundum
1740 2355 2127 2420 voluntatis
2163 2375 2399 2419 eorum
2446 2356 2783 2437 cogitata,

537 2449 696 2530 quia
725 2450 1024 2532 separati
1056 2450 1146 2513 ab
1176 2450 1652 2525 exterioribus„
1688 2470 1860 2532 quae
1889 2450 2047 2514 illos
2080 2449 2147 2514 in
2182 2450 2437 2514 mundo
2461 2470 2783 2516 coercue-

536 2554 694 2608 runt
731 2555 806 2609 et
842 2544 1306 2611 refrenarunt:
1358 2546 1590 2619 verb0,
1631 2555 1795 2610 sunt
1830 2546 2309 2609 rationalitate
2346 2546 2593 2620 orbati,
2626 2547 2785 2629 quia

539 2639 876 2705 rationale
923 2641 991 2705 in
1032 2641 1288 2706 mundo
1319 2662 1456 2706 non
1489 2638 1915 2707 “Jresederat'
1941 2641 2010 2704 in
2048 2641 2483 2706 interioribus
2520 2662 2779 2718 eorum,

535 2736 656 2799 sed
689 2736 758 2799 in
790 2738 1277 2801 exterioribus:
1347 2746 1422 2801 at
1453 2756 1665 2821 usque
1701 2747 1863 2801 tunc
1890 2744 2225 2819 apparent
2250 2738 2379 2801 sibi
2410 2737 2575 2819 ipsis
2598 2741 2782 2821 sapi-

534 2839 734 2895 entes
757 2850 922 2914 prae
953 2832 1124 2897 aliis.
1217 2831 1399 2914 Quia
1421 2831 1600 2896 tales
1631 2841 1813 2907 sunt,
1842 2832 1998 2895 ideo
2023 2851 2177 2896 cum
2209 2831 2277 2894 in
2311 2833 2615 2896 secundo
2645 2832 2780 2898 hoc

535 2934 724 2991 statu
753 2937 937 3002 sunt,
963 2929 1413 2991 remittuntur
1441 2947 1562 3009 per
1592 2928 1837 2992 breves
1862 2928 2050 2991 vices
2081 2928 2149 2989 in
2176 2935 2437 2991 statum
2472 2929 2779 2996 exterio-

532 3041 679 3085 rum
718 3042 1013 3097 suorum,
1053 3034 1128 3087 et
1171 3032 1332 3087 tunc
1379 3024 1448 3087 in
1495 3024 1899 3087 memoriam
1938 3020 2248 3087 actorum
2286 3041 2583 3099 suorum,
2622 3043 2779 3088 cum

531 3117 802 3183 fuerunt
849 3118 918 3181 in
963 3127 1151 3182 statu
1197 3119 1618 3183 interiorum.
1725 3116 2023 3199 Quidam
2071 3128 2236 3181 tunc
2282 3117 2656 3200 pudefiunt,
2704 3128 2777 3182 et

531 3221 918 3295 agnoscunt
938 3215 1121 3297 quod
1147 3214 1366 3278 insani
1389 3212 1638 3278 suerint
1666 3234 1681 3292 ;
1730 3214 2005 3298 quidam
2034 3232 2171 3277 non
2198 3212 2592 3295 pudefiunt3
2631 3215 2777 3296 qui-

531 3308 688 3372 dam
724 3308 1172 3391 indignantur
1209 3310 1392 3393 quod
1431 3328 1570 3371 non
1612 3308 1819 3373 liceat
1856 3308 1990 3372 illis
2023 3310 2093 3373 in
2129 3317 2322 3373 statu
2352 3309 2771 3372 exteriorum

530 3422 804 3467 suorum
831 3405 1154 3468 continue
1179 3424 1332 3468 esse
1357 3425 1372 3482 ;
1412 3405 1534 3468 sed
1561 3404 1670 3469 his
1694 3404 2107 3479 ostenditur,
2128 3403 2367 3487 quales
2392 3402 2595 3467 futuri
2620 3404 2675 3466 si
2709 3403 2775 3466 in

529 3501 662 3565 hoc
695 3512 886 3565 statu
918 3502 1246 3565 continue
1279 3510 1538 3577 essent,
1564 3501 1751 3584 quod
1785 3520 2031 3582 nempe
2064 3499 2311 3563 similia
2343 3499 2788 3564 clandestine·

529 3597 956 3671 molirentur,
995 3615 1075 3660 ac
1122 3615 1244 3679 per
1288 3597 1732 3680 apparentias
1776 3595 1963 3672 boni,
2004 3596 2273 3671 sinceri,
2322 3604 2395 3659 et
2432 3594 2617 3677 justi,
2664 3616 2774 3659 se-

527 3692 860 3758 ducerent
897 3693 1247 3775 simplices
1285 3693 1494 3757 corde
1540 3701 1612 3757 et
1656 3690 1813 3766 fide,
1854 3700 1925 3756 et
1972 3692 2099 3773 ipsi
2146 3700 2369 3755 semet
2406 3690 2773 3771 perderent

527 3789 593 3851 in
627 3796 892 3865 totum;
941 3806 1100 3851 nam
1135 3790 1484 3852 exteriora
1508 3787 1876 3869 flagrarent
1910 3786 2196 3851 tandem
2222 3785 2420 3850 simili
2453 3786 2775 3849 incendio

533 3903 670 3967 quo
693 3886 1054 3959 interiora,
1097 3885 1279 3967 quod
1313 3894 1753 3949 consumeret
1792 3902 2071 3947 omnem
2110 3884 2325 3947 vitam
2364 3900 2621 3945 eorum.

653 3990 856 4063 5⁰⁷·
915 3979 1084 4045 Cum
1126 3981 1408 4063 spiritus
1451 3981 1522 4043 in
1567 3979 1876 4043 secundo
1911 3979 2043 4043 hoc
2091 3987 2281 4043 statu
2326 3987 2512 4053 sunt,
2553 3997 2763 4059 appa·

525 4086 684 4139 rent
723 4076 822 4140 illi
864 4096 1138 4159 prorsus
1170 4075 1407 4160 quales
1439 4077 1506 4139 in
1545 4096 1620 4138 se
1656 4075 1926 4139 fuerunt
1964 4076 2030 4139 in
2072 4075 2347 4148 mund0,
2382 4081 2454 4137 et
2500 4092 2771 4156 quoque

527 4171 978 4255 propalantur
1021 4192 1195 4256 quae
1255 4172 1322 4236 in
1369 4171 1785 4235 abscondito
1830 4180 2121 4255 egerunt
2177 4180 2253 4235 et
2312 4169 2522 4234 locuti
2566 4178 2769 4245 sunt;

527 4286 688 4331 nam
736 4277 926 4344 tunc,
976 4270 1134 4352 quia
1169 4278 1468 4332 externa
1515 4286 1652 4330 non
1715 4275 2063 4341 coercent,
2112 4265 2485 4350 loquuntur
2528 4274 2770 4347 aperte

525 4364 795 4440 similia,
835 4374 908 4429 et
953 4383 1224 4447 quoque
1261 4372 1599 4427 conantur
1643 4382 1854 4445 agere
1890 4362 2159 4437 similia,
2201 4381 2329 4426 nec
2376 4362 2624 4427 timent
2670 4360 2770 4423 fa-

526 4476 709 4523 mam
757 4469 832 4525 ut
878 4460 948 4524 in
992 4459 1290 4524 mundo:
1351 4456 1661 4522 feruntur
1697 4458 1905 4522 etiam
1953 4466 2117 4522 tunc
2163 4458 2233 4521 in
2278 4456 2507 4541 plures
2544 4464 2769 4519 status

523 4554 859 4619 malorum
903 4573 1203 4631 suorum,
1252 4562 1326 4618 ut
1379 4562 1763 4635 appareant
1808 4552 2075 4635 angelis
2134 4562 2207 4617 et
2271 4552 2473 4617 bonis
2516 4550 2767 4633 spiriti·

523 4648 648 4713 bus
673 4650 911 4735 quales
943 4659 1124 4715 sunt.
1199 4646 1311 4714 Sic
1345 4648 1759 4714 abscondita
1789 4649 2207 4731 aperiuntur,
2234 4656 2306 4713 et
2338 4646 2773 4713 clandestina
