3371 5304
608 608 732 691 298
1254 620 1359 671 DE
1402 618 1657 671 CAELo
1704 618 1804 669 ET
1846 616 2210 669 manno,

604 810 687 857 ac
730 791 892 858 inde
926 790 1175 867 facere,
1215 800 1323 855 est
1376 790 1555 855 sicut
1587 788 1984 855 'flammeum
2019 788 2204 873 quod
2242 788 2686 855 circumcirca
2725 787 2854 853 dat

602 883 905 951 calorem
941 895 1015 949 et
1053 884 1318 962 lucem;
1364 893 1440 948 et
1475 893 1584 948 est
1622 884 1800 949 sicut
1833 903 2072 949 semen
2109 882 2180 947 in
2219 882 2451 959 humo,
2491 882 2674 966 quod
2719 904 2846 947 ex-

602 979 853 1045 crescit
902 979 973 1042 in
1028 978 1343 1043 arborem
1380 986 1501 1043 aut
1539 976 1802 1053 florem,
1841 986 1918 1042 et
1974 977 2240 1041 existit.
2331 973 2638 1059 Quisque
2674 976 2848 1040 scire

602 1081 844 1155 potest
876 1072 1059 1155 quod
1090 1071 1274 1137 velle
1304 1080 1377 1135 et
1410 1090 1549 1135 non
1580 1070 1828 1147 facere,
1862 1088 2018 1136 cum
2050 1079 2310 1151 potest,
2343 1070 2435 1133 sit
2468 1088 2609 1134 non
2641 1067 2844 1145 velle,

601 1185 682 1229 ac
718 1185 950 1231 amare
987 1174 1060 1229 et
1098 1184 1237 1229 non
1268 1165 1525 1229 bonum
1554 1162 1780 1229 facere
1811 1183 1966 1228 cum
1999 1173 2260 1245 potest,
2293 1164 2387 1226 sit
2423 1182 2560 1227 non
2593 1182 2844 1237 amare,

601 1260 703 1323 ita
744 1259 927 1343 quod
965 1258 1173 1322 modo
1218 1258 1310 1322 sit
1354 1258 1666 1341 cogitare
1705 1257 1892 1341 quod
1929 1256 2099 1322 velit
2145 1266 2218 1321 et
2263 1265 2478 1331 amet.
2517 1256 2618 1320 ita
2661 1256 2845 1339 quod

600 1353 693 1417 sit
737 1354 1077 1435 cogitatio
1114 1361 1455 1434 separata,
1495 1372 1669 1434 quae
1711 1352 2068 1415 evanescit
2111 1360 2186 1416 et
2231 1350 2624 1432 dissipatur.
2711 1348 2844 1414 Est

599 1464 791 1509 amor
821 1455 895 1510 et
925 1446 1249 1510 voluntas
1278 1446 1428 1527 ipsa
1450 1446 1679 1509 anima
1707 1442 1867 1509 facti
1899 1464 2020 1508 seu
2051 1445 2275 1527 operis
2305 1464 2322 1522 ;
2366 1443 2620 1508 format
2649 1462 2844 1507 suum

598 1557 847 1621 corpus
900 1540 969 1603 in
1018 1539 1301 1605 sinceris
1346 1548 1419 1602 et
1470 1537 1673 1620 justis
1715 1558 1890 1621 quae
1936 1537 2146 1602 homo
2196 1537 2386 1602 facit.
2473 1536 2844 1620 Spirituale

598 1652 869 1715 corpus,
910 1652 1034 1697 seu
1078 1652 1323 1713 corpus
1360 1634 1637 1715 spiritus
1672 1630 1998 1707 hominis,
2039 1652 2178 1695 non
2223 1631 2502 1695 aliunde
2537 1640 2671 1707 est,
2709 1630 2842 1697 hoc

598 1734 730 1801 est,
772 1745 911 1790 non
968 1746 1061 1791 ex
1112 1726 1265 1790 aliis
1317 1726 1647 1791 formatur
1682 1744 1891 1809 quam
1939 1746 2032 1789 ex
2089 1725 2228 1789 illis
2275 1745 2450 1808 quae
2485 1725 2698 1789 homo
2749 1745 2842 1787 ex

598 1838 832 1885 amore
868 1840 989 1883 seu
1026 1818 1384 1884 voluntate
1420 1819 1587 1883 facit
1626 1816 1971 1901 (videatur
2007 1839 2232 1903 supra,
2263 1839 2328 1882 n.
2357 1818 2564 1901 463);
2608 1819 2840 1893 verbe,

596 1920 757 1977 sunt
786 1914 1018 1978 omnia
1052 1914 1347 1979 hominis
1382 1923 1457 1977 et
1493 1913 1774 1995 spiritus
1811 1912 1956 1995 ejus
2007 1914 2076 1975 in
2113 1910 2308 1976 factis
2363 1932 2486 1977 seu
2524 1894 2840 1996 operibus

597 2005 759 2087 ejus.
768 2003 824 2056 (θ)

722 2101 925 2184 476.
982 2099 1099 2163 Ex
1150 2099 1256 2165 his
1314 2120 1494 2166 nunc
1540 2109 1865 2165 constare
1910 2108 2172 2182 potest,
2213 2099 2375 2181 quid
2428 2097 2846 2181 intelligitur

601 2212 724 2275 per
788 2193 1028 2269 vitam,
1090 2214 1263 2277 quae
1326 2194 1680 2259 hominem
1749 2202 1989 2257 manet
2056 2202 2217 2275 post
2283 2202 2600 2267 mortem,
2659 2192 2840 2275 quod

600 2303 855 2368 nempe
892 2287 984 2350 sit
1022 2285 1167 2369 ejus
1203 2306 1397 2352 amor
1433 2297 1506 2352 et
1540 2288 1704 2351 inde
1742 2286 1936 2363 fides,
1977 2306 2117 2349 non
2157 2286 2367 2349 modo
2409 2286 2477 2348 in
2525 2288 2842 2368 potentia

595 2379 719 2443 sed
772 2380 987 2445 etiam
1044 2382 1111 2445 in
1172 2378 1329 2445 actu
1357 2402 1375 2459 ;
1432 2381 1535 2445 ita
1586 2381 1773 2463 quod
1817 2381 1958 2445 sint
2014 2378 2194 2443 sacta
2242 2400 2364 2443 seu
2409 2400 2640 2463 opera,
2685 2382 2842 2463 quia

595 2470 765 2536 haec
796 2474 867 2537 in
904 2494 980 2539 se
1016 2476 1375 2538 continent
1412 2474 1647 2539 omnia
1680 2475 1934 2539 amoris
1970 2484 2044 2539 et
2079 2472 2238 2539 fidei
2274 2474 2590 2538 hominis.

730 2581 921 2654 477.
979 2568 1114 2634 Est
1178 2588 1371 2633 amor
1427 2588 1731 2650 regnans
1789 2570 1902 2652 qui
1965 2582 2202 2634 manet
2266 2570 2616 2633 hominem
2681 2578 2842 2651 post

598 2675 919 2739 mortem,
960 2683 1087 2728 nec
1126 2683 1415 2746 usquam
1472 2665 1544 2728 in
1601 2674 1962 2728 aeternum
2011 2673 2360 2744 mutatur3
2421 2673 2585 2728 sunt
2629 2664 2842 2727 cuivis

600 2757 831 2842 plures
869 2777 1163 2833 amoreS,
1202 2758 1324 2822 sed
1364 2778 1577 2840 usque
1610 2777 1854 2822 omnes
1901 2779 1978 2822 se
2035 2759 2338 2822 referunt
2392 2757 2480 2822 ad
2535 2775 2842 2822 amorem

595 2850 739 2932 ejus
773 2861 1211 2933 regnantem,
1244 2871 1323 2915 ac
1363 2871 1569 2914 unum
1596 2850 1854 2916 faciunt
1891 2870 2047 2916 cum
2082 2851 2226 2928 illo,
2260 2871 2383 2916 seu
2418 2849 2608 2914 illum
2639 2849 2840 2914 simul

593 2954 1041 3025 componunt.
1116 2941 1367 3008 Omnia
1386 2943 1769 3008 voluntatis
1789 2964 1964 3027 quae
1983 2945 2412 3009 concordant
2433 2963 2588 3008 cum
2609 2963 2842 3008 amore

594 3047 934 3118 regnante
966 3047 1307 3102 vocantur
1329 3056 1620 3112 amores,
1648 3039 1806 3121 quia
1829 3046 2172 3104 amantur.
2259 3035 2353 3101 Hi
2386 3057 2658 3116 ardores
2679 3046 2841 3101 sunt

534 3123 545 3136 ’
594 3129 953 3194 interiores
992 3141 1065 3194 et
1103 3132 1532 3194 exteriores:
1582 3140 1745 3195 sunt
1782 3132 1897 3214 qui
1934 3131 2338 3196 immediate
2375 3128 2722 3212 conjuncti
2766 3141 2842 3196 et

592 3223 709 3306 qui
752 3225 1095 3303 mediate3
1150 3233 1312 3288 sunt
1348 3226 1706 3307 propiores
1749 3235 1822 3288 et
1865 3227 2300 3300 remotiores,
2341 3234 2503 3289 sunt
2549 3227 2839 3289 inservi-

594 3326 795 3380 entes
839 3318 1028 3380 vario
1073 3318 1302 3382 modo.
1392 3315 1609 3382 Simul
1655 3320 1912 3402 sumpti
1958 3320 2396 3383 constituunt
2440 3317 2636 3401 quasi
2679 3339 2838 3400 reg-

594 3427 779 3486 num,
813 3409 913 3474 ita
947 3411 1131 3476 enim
1161 3411 1459 3476 ordinati
1496 3422 1657 3476 sunt
1687 3413 1867 3495 apud
1899 3413 2275 3490 hominem,
2309 3414 2592 3479 tametsi
2626 3411 2840 3477 homo

1374 3632 1471 3686 “tx
1494 3643 1691 3675 nemu
1713 3633 2060 3686 mn

701 3742 777 3810 (ο)
831 3737 1010 3813 Quod
1040 3741 1326 3797 interiora
1349 3742 1691 3798 successive
1718 3742 2016 3796 influant
2000 3759 2061 3797 ιιι
2086 3743 2402 3806 exteriora,
2429 3759 2620 3814 usque
2647 3737 2709 3798 in
2735 3759 2838 3800 ex-

593 3821 853 3866 tremum
891 3828 996 3866 seu
1036 3813 1337 3875 ultimum,
1376 3825 1440 3868 et
1474 3815 1638 3884 quod
1689 3813 1772 3869 ibi
1815 3813 2081 3869 existant
2121 3824 2187 3870 et
2226 3815 2560 3870 subsistant
2599 3817 2685 3885 (ιι.
2711 3815 2836 3885 634,

598 3882 707 3951 ⁶23
816 3881 1002 3952 ⁶451]
1026 3883 1184 3953 6465
1210 3884 1370 3952 9216
1398 3884 1595 3954 9217?
1624 3885 1812 3954 9215)-

757 3954 878 4008 uod
910 3969 1031 4008 non
1062 3955 1248 4010 modo
1286 3955 1558 4016 influant.
1582 3955 1689 4011 sed
1721 3955 1902 4010 etiam
1941 3954 2248 4012 formem
2233 3972 2294 4010 ιιι
2325 3956 2546 4011 ιι1ιίιιιο
2566 3955 2838 4013 simulta-

590 4039 801 4086 neum.
696 4041 1019 4166 Quzoguod
984 4026 1258 4110 ordine
1252 4042 1307 4081 ιι.
1338 4026 1491 4096 5897,
1500 4025 1673 4110 6451,
1701 4025 1858 4096 8603,
1891 4028 2106 4096 10099).

918 4097 1019 4150 md
1020 4112 1059 4151 e
1094 4111 1301 4152 omma
1338 4096 1626 4153 interiora
1654 4098 2082 4154 contineantur
2111 4097 2172 4154 in
2203 4113 2382 4160 nexu.
2405 4107 2470 4154 et
2505 4097 2838 4154 subsistant

589 4167 675 4234 (n
696 4092 885 4307 {²2²3
915 4233 1073 4292 facta
1108 4255 1213 4293 seu
1251 4253 1437 4308 opera
1471 4238 1593 4294 sint
1628 4238 1903 4302 ultima.
1887 4255 1950 4294 ιιι
1986 4239 2206 4310 quibus
2243 4239 2534 4296 interiora
2567 4248 2712 4296 sunt
2751 4241 2836 4310 (ιι.

594 4319 695 4376 ¹0³
738 4309 898 4433 ¹gare
918 4378 1162 4434 retribui
1188 4389 1251 4434 et
1268 4378 1517 4450 judicari
1539 4379 1868 4436 secundum
1897 4379 2054 4436 iacta
2078 4391 2140 4436 et
2163 4397 2364 4452 opera.
2381 4389 2478 4438 eet
2501 4381 2834 4437 secundm

587 4448 793 4504 omnia
814 4465 971 4519 quae
1002 4461 1147 4505 sunt
1174 4452 1397 4505 amoris
1420 4461 1485 4506 et
1510 4449 1669 4515 fidei,
1693 4467 1799 4508 seu
1823 4451 2108 4508 voluntas
2129 4462 2194 4508 et
2219 4451 2608 4524 cogitationis
2637 4451 2834 4507 homi-

590 4518 701 4580 nis.
724 4520 867 4590 quia
900 4519 1051 4576 haec
1087 4531 1230 4576 sunt
1268 4521 1555 4578 interiora
1588 4538 1746 4596 quae
1783 4533 1926 4578 sunt
1957 4522 2020 4578 ln
2053 4523 2168 4580 illis
2195 4525 2278 4593 (ιι.
2305 4535 2646 4594 3147.3934.
2672 4523 2832 4591 6073.

590 4589 1223 4664 8911,1o331,1o333[?
1254 4592 1495 4664 ¹0332])·
