3371 5304
556 659 680 722 300
1204 655 1305 705 DE
1349 653 1603 704 CAELO
1650 654 1747 702 ΕΤ
1795 651 2152 703 INFERNO.

554 828 669 913 qui
726 828 947 893 bonus
992 837 1122 904 est,
1160 827 1223 892 ei
1276 836 1720 893 removentur
1774 836 1848 891 et
1905 826 2096 909 quasi
2141 823 2531 888 auferuntur
2566 824 2798 887 omnia

556 922 1029 987 discordantia
1064 942 1184 985 seu
1220 920 1646 995 dissidentia,
1687 929 1760 984 et
1805 920 1903 983 sic
1947 918 2340 982 immittitur
2383 918 2454 979 in
2490 935 2794 981 amorem

556 1034 792 1096 suum;
838 1014 1155 1079 similiter
1192 1013 1433 1089 maluS,
1473 1013 1595 1077 sed
1631 1033 1788 1076 cum
1824 1011 2210 1076 differentia
2245 1010 2432 1093 quod
2467 1010 2622 1073 huic
2670 1029 2795 1072 au·

555 1109 862 1173 ferantur
891 1127 1074 1182 vera,
1097 1127 1177 1171 ac
1211 1108 1395 1191 quod
1425 1107 1612 1172 bono
1643 1107 2035 1170 auferantur
2052 1104 2244 1179 falsa,
2271 1124 2482 1187 usque
2508 1103 2794 1167 tandem

557 1212 634 1265 ut
674 1202 957 1285 quisque
994 1200 1115 1265 fiat
1148 1221 1309 1263 suus
1338 1220 1531 1264 amor
1558 1221 1577 1278 ;
1622 1200 1756 1263 hoc
1791 1198 1870 1263 fit
1905 1218 2060 1262 cum
2089 1198 2302 1262 homo
2331 1198 2610 1279 spiritus
2641 1216 2793 1277 per·

556 1295 831 1359 ducitur
874 1296 943 1359 in
990 1294 1273 1358 tertium
1318 1302 1603 1369 statum,
1642 1293 1730 1357 de
1773 1312 1909 1375 quo
1953 1293 2022 1355 in
2067 1291 2532 1375 sequentibus,
2620 1288 2793 1354 Cum

555 1389 689 1454 hoc
726 1386 979 1453 sactum
1017 1398 1148 1465 est,
1184 1397 1349 1452 tunc
1378 1388 1623 1452 faciem
1658 1406 1852 1451 suam
1887 1388 2232 1451 convertit
2263 1394 2670 1449 constanter
2705 1384 2793 1447 ad

558 1500 753 1545 suum
784 1500 1111 1557 amorem,
1137 1500 1339 1564 quem
1374 1482 1698 1545 continue
1729 1490 1894 1543 ante
1927 1480 2162 1544 oculos
2183 1479 2419 1553 habet,
2447 1487 2792 1559 utcunque

558 1594 635 1639 se
672 1575 1141 1638 circumvertit
1182 1572 1525 1655 (videatur
1555 1592 1780 1656 supra,
1817 1594 1882 1636 n.
1923 1589 2059 1653 123,
2103 1572 2271 1655 124).
2359 1570 2620 1635 Omnes
2653 1572 2792 1653 spi-

556 1668 728 1731 ritus
766 1675 1058 1751 possunt
1086 1667 1243 1729 duci
1278 1686 1679 1749 quocunque
1711 1666 1900 1741 libet,
1927 1667 2136 1729 modo
2167 1675 2535 1729 teneantur
2563 1666 2632 1727 in
2667 1684 2794 1728 suo

558 1778 793 1824 amore
836 1770 1223 1841 regnante;
1284 1780 1409 1823 nec
1456 1768 1746 1841 possunt
1791 1760 2130 1833 resistere,
2177 1766 2522 1840 utcunque
2567 1758 2791 1821 sciunt

522 1912 528 1921 .
559 1853 744 1936 quod
778 1854 879 1917 ita
920 1852 1066 1928 fiat,
1104 1873 1186 1917 ac
1224 1853 1542 1935 cogitant
1579 1853 1764 1936 quod
1803 1854 2088 1916 renisuri
2125 1852 2306 1929 sint;
2353 1850 2602 1932 pluries
2637 1859 2793 1913 ten·

559 1956 784 2011 tatum
842 1956 973 2021 est,
1014 1966 1174 2010 num
1220 1956 1469 2011 contra
1523 1945 1720 2009 illum
1778 1945 2030 2027 aliquid
2077 1964 2283 2027 agere
2320 1954 2629 2027 possent,
2667 1943 2792 2007 sed

558 2041 897 2104 incassum
924 2059 939 2102 ε
986 2058 1182 2103 amor
1210 2040 1479 2103 illorum
1510 2047 1619 2104 est
1656 2039 1834 2103 sicut
1865 2038 2210 2102 vinculum
2240 2046 2358 2102 aut
2385 2039 2564 2101 sicut
2592 2037 2789 2111 funis,

561 2154 697 2215 quo
734 2134 925 2215 quasi
960 2132 1413 2215 circumligati
1450 2142 1633 2207 sunt,
1674 2153 1800 2214 per
1832 2152 2032 2214 quem
2071 2133 2249 2197 trahi
2288 2141 2600 2214 possunt,
2641 2138 2714 2195 et
2752 2149 2797 2193 a

565 2247 702 2309 quo
732 2246 810 2291 se
844 2224 1211 2290 exsolvere
1246 2237 1617 2309 nequeunt.
1707 2225 1944 2291 Simile
1981 2224 2058 2289 fit
2094 2245 2248 2290 cum
2285 2225 2678 2289 hominibus
2721 2224 2792 2287 in

564 2319 839 2393 munde,
873 2339 1046 2400 quos
1082 2320 1291 2383 etiam
1330 2338 1522 2383 amor
1555 2340 1716 2383 suus
1751 2320 1960 2393 ducit,
1993 2329 2065 2382 et
2101 2338 2224 2401 per
2255 2337 2562 2381 amorem
2599 2336 2792 2382 suum

561 2412 653 2474 ab
682 2412 833 2477 aliis
868 2413 1249 2491 ducuntur;
1298 2411 1451 2493 plus
1487 2432 1654 2476 vero
1689 2431 1842 2475 cum
1890 2410 2060 2475 fiunt
2099 2412 2396 2494 spirituS,
2435 2412 2594 2493 quia
2625 2420 2791 2475 tunc

564 2524 703 2569 non
762 2503 927 2569 licet
986 2505 1193 2569 alium
1252 2524 1555 2569 amorem
1616 2505 1704 2567 ad
1764 2506 2239 2587 apparentiam
2299 2504 2654 2587 praeferre,
2709 2524 2792 2567 ac

564 2598 836 2662 mentiri
882 2618 1021 2662 non
1064 2618 1280 2662 suum.
1369 2596 1574 2681 Quod
1614 2599 1889 2683 spiritus
1925 2599 2218 2662 hominis
2263 2599 2354 2662 sit
2397 2618 2559 2662 suus
2603 2617 2797 2662 amor

565 2711 889 2773 regnanS,
928 2692 1406 2756 manifestatur
1462 2693 1531 2756 in
1588 2694 1774 2757 omni
1831 2693 2184 2756 consortio
2233 2693 2302 2756 in
2359 2693 2582 2756 altera
2623 2691 2790 2767 vita,

564 2793 898 2865 quantum
946 2786 1127 2850 enim
1170 2787 1323 2867 quis
1364 2786 1509 2866 agit
1566 2795 1639 2850 et
1701 2784 2000 2868 loquitur
2055 2785 2428 2849 secundum
2487 2803 2794 2851 amorem

566 2876 869 2951 alteriuS‚
900 2887 1171 2942 tantum
1204 2878 1311 2942 hic
1344 2889 1631 2961 apparet
1662 2887 1878 2952 totus,
1899 2879 2070 2942 facie
2094 2879 2321 2961 plena,
2350 2878 2570 2954 hilari,
2596 2880 2792 2956 viva3

566 2978 641 3032 at
692 2980 1025 3052 quantum
1083 2973 1233 3053 quis
1296 2973 1443 3054 agit
1502 2983 1577 3036 et
1633 2971 1932 3055 loquitur
1975 2981 2222 3036 contra
2265 2991 2570 3036 amorem
2627 2970 2791 3054 ejuS,

568 3071 843 3126 tantum
874 3064 1112 3144 incipit
1148 3064 1354 3128 facies
1400 3063 1541 3146 ejus
1574 3067 1848 3140 mutari,
1881 3065 2243 3139 obscurari,
2278 3075 2352 3128 et
2397 3084 2536 3128 non
2580 3085 2792 3147 appa-

566 3175 753 3232 rere3
820 3166 894 3218 et
960 3157 1245 3220 tandem
1303 3167 1499 3221 totus
1554 3158 1942 3240 disparatur
1985 3159 2162 3222 sicut
2209 3177 2348 3222 non
2395 3158 2488 3222 ibi
2531 3158 2793 3222 suisset.

570 3245 774 3328 Quod
800 3248 897 3310 ita
924 3248 1063 3324 fiat,
1092 3251 1375 3314 miratus
1398 3269 1547 3314 sum
1572 3252 1867 3332 saepius,
1893 3253 2050 3333 quia
2075 3249 2218 3315 tale
2241 3251 2402 3334 quid
2435 3271 2574 3316 non
2603 3253 2793 3316 exis·

568 3349 715 3404 tere
741 3350 975 3421 potest
1007 3343 1074 3405 in
1108 3344 1401 3408 mundo:
1450 3346 1573 3408 sed
1598 3341 1852 3410 distum
1878 3355 2010 3420 est,
2033 3345 2216 3426 quod
2240 3345 2464 3408 simile
2487 3344 2606 3409 fiat
2637 3364 2794 3411 cum

567 3433 807 3514 spiritu
844 3436 911 3497 in
942 3434 1241 3510 homine,
1275 3437 1387 3519 qui
1423 3455 1576 3501 cum
1614 3457 1691 3502 se
1727 3439 1982 3502 avertit
2019 3438 2107 3502 ab
2143 3437 2302 3513 alio,
2329 3458 2468 3502 non
2499 3439 2796 3522 amplius

567 3535 677 3588 est
724 3527 791 3588 in
836 3525 1211 3609 conspectu
1246 3528 1409 3611 ejus.
1501 3528 1706 3611 Quod
1745 3532 2022 3612 spiritus
2064 3531 2158 3596 sit
2203 3551 2362 3596 suus
2398 3551 2594 3597 amor
2635 3552 2795 3615 reg-

568 3637 765 3692 nans,
803 3621 1017 3684 etiam
1055 3623 1277 3702 patuit
1317 3643 1409 3686 ex
1454 3644 1561 3698 eo,
1600 3623 1806 3714 quod.
1821 3625 2278 3707 unusquisque
2315 3627 2594 3706 spiritus
2627 3627 2796 3690 arri-

566 3711 711 3794 piat
744 3714 977 3776 omnia
1012 3724 1083 3779 et
1120 3715 1247 3778 sibi
1284 3717 1675 3798 appropriet
1714 3737 1888 3799 quae
1919 3718 2341 3782 conveniunt
2377 3721 2592 3783 amori
2627 3720 2791 3801 ejus,

566 3824 647 3868 ac
684 3804 949 3886 rejiciat
988 3809 1219 3870 omnia
1254 3818 1327 3872 et
1374 3829 1415 3872 a
1450 3829 1525 3873 se
1560 3808 1910 3874 abalienet
1946 3829 2120 3891 quae
2151 3831 2291 3876 non
2327 3815 2790 3878 conveniunt:

568 3907 679 3961 est
723 3899 1015 3980 cujusvis
1060 3921 1253 3965 amor
1295 3902 1469 3966 sicut
1518 3902 1778 3983 lignum
1828 3904 2274 3984 spongiosum
2319 3925 2400 3969 ac
2447 3926 2792 3989 porosum,

568 3990 752 4072 quod
798 3992 1065 4056 imbibit
1113 3993 1289 4058 tales
1333 3993 1649 4077 liquores,
1698 3999 1811 4079 qui
1853 4001 2284 4080 vegetationi
2325 4020 2489 4064 suae
2533 4001 2796 4065 condu-

569 4095 758 4160 cunt,
785 4105 865 4149 ac
899 4097 1169 4150 ceteros
1188 4088 1462 4170 repellit
1487 4110 1503 4166 ;
1550 4099 1624 4153 et
1656 4100 1766 4154 est
1791 4091 1968 4156 sicut
1991 4094 2312 4158 animalia
2333 4095 2557 4158 omnis
2580 4113 2795 4176 gene-

568 4177 679 4252 ris,
713 4197 887 4259 quae
925 4199 1121 4242 escas
1156 4201 1311 4244 suas
1342 4192 1595 4248 norunt
1631 4203 1712 4250 ac
1745 4195 2082 4267 appetunt
2113 4207 2286 4269 quae
2316 4197 2600 4251 naturae
2632 4207 2798 4253 suae

570 4273 1023 4349 concordant,
1066 4294 1145 4338 ac
1191 4287 1593 4342 aversantur
1628 4299 1804 4361 quae
1839 4279 2285 4345 discordant:
2341 4283 2796 4365 unusquisque

569 4366 753 4428 enim
785 4386 977 4430 amor
1001 4370 1239 4433 nutriri
1270 4371 1417 4434 vult
1450 4392 1491 4435 a
1520 4372 1680 4448 suis,
1715 4393 1906 4438 amor
1937 4375 2157 4440 malus
2186 4397 2229 4440 a
2257 4377 2467 4452 falsi3‚
2501 4386 2575 4441 et
2605 4395 2796 4442 amor

570 4459 789 4524 bonus
824 4482 867 4525 a
902 4464 1101 4528 veriS.
1189 4463 1581 4548 Aliquoties
1612 4468 1842 4532 videre
1873 4469 2112 4534 datum
2149 4481 2280 4550 est,
2307 4473 2490 4556 quod
2518 4473 2794 4556 quidam

572 4555 917 4638 simplices
950 4559 1111 4624 boni
1143 4559 1482 4627 voluerint
1518 4562 1587 4626 in
1620 4563 1800 4628 veris
1835 4573 1908 4630 et
1945 4566 2144 4630 bonis
2173 4567 2509 4632 instruere
2547 4567 2788 4642 malos,
