3371 5304
574 617 794 670 NEMO
815 619 915 669 Ex
934 618 1380 672 IMMEDIATA
1397 619 1957 674 MISERICORmA
1972 622 2053 672 m
2073 622 2383 674 CAELUM
2401 624 2657 674 VENIT.
2684 626 2805 692 337

695 803 884 874 32⁶7·
944 787 1148 870 Quod
1183 789 1608 872 impossibile
1651 792 1743 856 sit
1788 792 2022 858 indere
2068 793 2281 858 vitam
2328 793 2505 858 caeli
2548 795 2645 860 eis
2691 796 2802 876 qui

567 884 783 948 vitam
837 886 1224 967 oppositam
1279 887 1464 954 vitae
1509 887 1680 950 caeli
1744 886 1815 950 in
1876 889 2135 954 mundo
2187 898 2503 970 egerunt,
2564 891 2801 955 testari

567 1000 848 1063 possum
877 1001 972 1044 ex
1009 980 1228 1047 multa
1259 982 1710 1062 experientia.
1802 981 2109 1048 Fuerunt
2136 985 2319 1048 enirn
2352 984 2463 1066 qui
2494 985 2804 1048 credide-

565 1085 750 1150 runt,
789 1075 972 1158 quod
1015 1074 1214 1140 facile
1251 1077 1592 1158 recepturi
1629 1085 1867 1140 essent
1913 1097 2075 1142 vera
2122 1076 2371 1142 Divina
2414 1088 2573 1160 post
2619 1098 2801 1144 mor-

569 1178 738 1245 tem,
787 1189 943 1233 cum
989 1170 1272 1234 audiunt
1320 1169 1438 1237 illa
1497 1169 1586 1235 ab
1633 1169 1926 1252 angeliS,
1964 1181 2039 1238 et
2106 1172 2289 1254 quod
2338 1172 2679 1248 credituri,
2726 1182 2802 1238 et

568 1265 726 1330 inde
771 1265 956 1347 quod
997 1265 1204 1329 aliter
1247 1262 1508 1341 victuri,
1549 1274 1622 1328 et
1681 1267 1778 1330 sic
1836 1265 2021 1348 quod
2067 1276 2355 1348 possent
2412 1268 2483 1332 in
2536 1267 2799 1334 caelum

567 1359 774 1440 recipi
807 1379 822 1420 :
871 1357 994 1422 sed
1028 1360 1159 1423 hoc
1192 1368 1542 1423 tentatum
1576 1369 1685 1423 est
1726 1380 1880 1424 cum
1916 1351 2291 1442 permultiS,
2326 1380 2561 1424 verum
2594 1363 2799 1425 modo

567 1455 656 1517 ab
691 1453 826 1517 illis
863 1455 975 1536 qui
1012 1454 1080 1516 in
1119 1455 1324 1518 simili
1362 1452 1492 1518 fide
1529 1454 1825 1530 fuerunt,
1865 1455 2107 1538 quibus
2145 1456 2211 1518 id
2258 1457 2661 1538 permissum
2695 1467 2799 1521 est

565 1551 658 1614 ob
694 1568 972 1613 causam
1019 1558 1094 1612 ut
1141 1549 1396 1613 scirent
1435 1550 1617 1633 quod
1663 1552 2087 1632 paenitentia
2125 1561 2285 1632 post
2325 1562 2616 1614 mortem
2666 1571 2797 1614 non

565 1646 783 1708 detur.
876 1641 1173 1725 Quidam⁴
1219 1664 1311 1707 ex
1357 1644 1514 1720 illis,
1557 1663 1710 1708 cum
1749 1645 1991 1728 quibus
2030 1655 2376 1711 tentatum
2423 1654 2553 1720 est,
2594 1647 2798 1710 intel-

564 1740 888 1804 lexerunt
927 1759 1108 1813 vera,
1150 1749 1221 1802 et
1261 1741 1387 1802 visi
1427 1749 1586 1802 sunt
1620 1741 1927 1821 recipere
1966 1739 2086 1804 illa
2120 1761 2136 1818 3
2186 1741 2309 1804 sed
2348 1740 2556 1812 illico,
2598 1751 2673 1804 ut
2710 1741 2796 1804 ad

563 1837 776 1899 vitam
809 1837 1060 1899 amoris
1098 1835 1198 1898 sui
1235 1833 1545 1897 conversi
1577 1843 1761 1909 sunt,
1796 1833 2175 1915 rejecerunt
2214 1835 2354 1909 illa,
2388 1838 2598 1898 immo
2633 1854 2797 1898 con-

561 1941 666 1996 tra
707 1929 830 1996 illa
874 1929 1089 1994 locuti
1135 1939 1338 1993 sunt:
1388 1929 1664 2012 quidam
1724 1931 1966 1994 statim
2032 1929 2429 2011 rejecerunt,
2478 1929 2797 1994 nolentes

562 2026 795 2089 audire
831 2024 990 2087 illa:
1029 2023 1308 2106 quidam
1345 2023 1733 2098 voluerunt,
1772 2033 1848 2088 ut
1895 2025 2039 2088 vita
2072 2027 2347 2098 amoris,
2387 2043 2591 2107 quam
2630 2043 2795 2086 con-

561 2129 926 2184 traxerunt
972 2139 1009 2182 e
1056 2119 1333 2194 munde,
1375 2117 1508 2181 illis
1546 2118 1945 2194 auferretur,
1985 2129 2057 2182 et
2105 2119 2260 2182 loco
2299 2120 2439 2200 ejus
2484 2118 2794 2183 infunde-

558 2225 747 2280 retur
790 2215 934 2279 vita
969 2213 1307 2295 angelica,
1345 2234 1467 2278 seu
1511 2215 1656 2278 vita
1694 2215 1870 2278 caeli
1894 2235 1911 2292 ;
1971 2214 2103 2278 hoc
2150 2234 2418 2297 quoque
2464 2233 2617 2278 cum
2662 2213 2796 2277 illis

560 2331 652 2376 ex
698 2309 1146 2392 permissione
1191 2306 1444 2372 sactum
1489 2317 1622 2380 est,
1670 2308 1793 2372 sed
1840 2329 1997 2372 cum
2036 2311 2183 2373 vita
2229 2309 2479 2372 amoris
2524 2307 2793 2372 illorum

559 2404 794 2470 ablata
837 2414 970 2478 est,
1002 2403 1328 2485 jacebant
1375 2405 1552 2468 sicut
1599 2404 1877 2479 mortui,
1914 2423 2058 2468 non
2104 2403 2395 2486 amplius
2433 2412 2794 2484 compotes

554 2501 680 2564 sui.
769 2499 888 2564 Ex
944 2499 1072 2575 his,
1113 2509 1186 2564 et
1243 2499 1394 2562 aliis
1439 2500 1909 2580 experientiae
1954 2499 2199 2574 modis,
2234 2499 2581 2581 simplices
2633 2497 2795 2560 boni

557 2591 872 2661 instructi
909 2605 1068 2659 sunt
1103 2595 1286 2679 quod
1332 2595 1480 2659 vita
1514 2593 1797 2675 alicujus
1833 2605 1993 2677 post
2033 2602 2325 2659 mortem
2362 2611 2792 2678 nequaquam

559 2693 808 2757 mutari
837 2692 1102 2774 possit;
1148 2700 1220 2755 et
1257 2691 1440 2773 quod
1474 2692 1614 2753 vita
1649 2689 1836 2753 mala
1874 2692 1940 2753 in
1978 2690 2257 2765 bonam,
2290 2710 2409 2754 seu
2444 2689 2791 2753 infernalis

461 2792 466 2800 '
557 2789 626 2853 in
659 2788 1070 2869 angelicam,
1103 2787 1494 2850 nullatenus
1525 2785 1889 2850 transcribi
1922 2787 2141 2869 possit
2172 2808 2185 2863 ;
2234 2787 2555 2869 quoniam
2586 2806 2789 2851 unus-

555 2884 836 2966 quisque
873 2884 1152 2965 spiritus
1195 2902 1236 2945 a
1281 2882 1511 2962 capite
1555 2882 1644 2945 ad
1690 2880 1954 2945 calcem
1994 2891 2101 2945 est
2140 2881 2359 2963 qualis
2396 2881 2537 2963 ejus
2572 2900 2787 2955 amor,

559 2978 844 3059 proinde
889 2976 1108 3060 qualis
1167 2976 1310 3058 ejus
1369 2978 1540 3052 vita,
1589 2986 1662 3040 et
1723 2978 1905 3060 quod
1966 2977 2143 3040 hanc
2198 2986 2662 3041 transmutare
2722 2980 2789 3041 in

557 3074 970 3155 oppositam,
1009 3073 1100 3135 sit
1136 3092 1414 3155 prorsus
1449 3072 1765 3155 spiritum
1804 3072 2177 3136 destruere.
2269 3071 2529 3153 Angeli
2566 3072 2787 3136 faten-

555 3312 737 3367 Verbi
771 3313 1008 3367 interno
1038 3311 1405 3383 intelligatur
1430 3310 1727 3367 Dominus
1799 3310 1955 3365 uoad
1990 3310 2183 3383 ipsum
2212 3308 2499 3365 Divinum
2530 3320 2593 3366 et
2626 3310 2789 3365 Divi-

557 3400 698 3438 num
730 3382 1078 3439 Humanum
1104 3384 1188 3451 (n.
1221 3382 1372 3451 1893,
1395 3382 1554 3451 4615,
1579 3380 1737 3451 6098,
1808 3382 1921 3450 185.
1947 3381 2104 3447 6276,
2124 3381 2282 3447 6804„
2308 3380 2491 3449 6847).

763 3455 842 3509 od
870 3454 1174 3509 Abraham
1203 3454 1504 3509 nesciatur
1529 3453 1588 3507 iu
1615 3453 1785 3508 caelo
1813 3454 1893 3521 (n.
1926 3453 2076 3521 1834,
2110 3453 2260 3518 1876,
2289 3455 2471 3521 3²29)-

723 3525 843 3581 uod
895 3541 1002 3595 per
1045 3524 1385 3579 “Davidem
1409 3524 1440 3543 '⁹
1485 3523 1855 3595 intelligatur
1906 3521 2200 3578 Dominus
2248 3522 2448 3593 quoad
2502 3521 2785 3577 Divinum

561 3594 812 3669 Regium
843 3599 922 3663 (n.
957 3594 1105 3656 1888,
1133 3597 1314 3665 9954).

663 3664 843 3737 Quod
891 3666 1214 3721 duodecim
1269 3665 1530 3735 apostoli
1581 3664 2163 3735 repraesentaverint
2210 3662 2537 3719 Dominum
2582 3666 2783 3735 quoad

552 3736 772 3861 οὲιιιὸιίεέ
793 3738 1096 3874 εοξὶεεὶειε,
1123 3736 1206 3791 ita
1242 3752 1396 3808 quae
1431 3747 1589 3793 sunt⁸
1609 3736 1751 3791 fidei
1785 3745 1853 3790 et
1888 3736 2109 3791 amoris
2146 3738 2229 3803 (n.
2263 3749 2417 3805 2129.
2446 3748 2601 3805 3354,
2628 3736 2785 3803 3488,

558 3822 589 3876 ³
630 3820 1098 3949 ⁵Qut'i‘clePetrus
1135 3876 1671 3949 repraesentaverit
1702 3876 2029 3931 Dominum
2062 3876 2259 3947 quoad
2298 3876 2495 3937 fidem,
2563 3877 2785 3931 acobus

554 3949 755 4087 (ιὲιὲἔῖ
791 3949 1165 4010 charitatem,
1203 3950 1321 4005 and
1360 3948 1668 4021 johannes
1712 3948 1915 4019 quoad
1955 3962 2137 4018 opera
2174 3947 2483 4002 charitatis
2545 3964 2602 4001 n.
2629 3958 2695 4016 37
2702 3959 2783 4016 50,

563 4035 580 4073 1
698 4032 728 4085 7
761 4062 772 4075 .

661 4090 839 4175 Quod
861 4091 1182 4147 duodecim
1211 4090 1493 4161 Apostoli
1517 4090 1734 4147 sessuri
1756 4090 1877 4144 sint
1897 4105 2075 4159 super
2099 4088 2417 4143 duodecim
2443 4088 2696 4149 thronis.
2722 4098 2784 4143 et

551 4162 875 4233 judicaturi
891 4162 1209 4216 duodecim
1235 4161 1426 4216 tribus
1449 4161 1701 4221 Israelis.
1720 4160 2031 4245 significet,
2051 4160 2211 4230 quod
2240 4160 2536 4213 Dominus
2557 4159 2785 4228 judica-

554 4244 725 4287 turus
755 4234 834 4288 sit
857 4234 1188 4288 secundum
1213 4249 1356 4287 vera
1379 4242 1443 4287 et
1465 4233 1628 4286 bona
1649 4232 1791 4286 fidei
1812 4242 1877 4287 et
1901 4232 2121 4285 amoris
2148 4233 2226 4295 (n.
2254 4244 2409 4298 2129,
2436 4230 2619 4298 6397).

617 4324 628 4335 ·
659 4301 840 4375 Quod
867 4304 1114 4361 nomina
1133 4319 1522 4374 personarum
1555 4313 1618 4359 et
1647 4304 1917 4359 locorum
1942 4301 2006 4357 in
2032 4301 2233 4359 Verbo
2256 4318 2379 4357 non
2406 4302 2636 4357 intrent
2653 4315 2784 4357 cae·
2853 4360 2860 4367 ,

553 4374 695 4437 lum,
721 4376 827 4431 sed
865 4386 1179 4431 vertantur
1217 4375 1273 4429 in
1314 4391 1408 4429 res
1445 4385 1510 4429 et
1543 4383 1769 4435 status:
1820 4385 1883 4428 et
1919 4373 2081 4443 quod
2114 4388 2224 4427 nec
2256 4373 2315 4427 in
2347 4369 2515 4427 caelo
2542 4372 2783 4429 nomina

555 4446 852 4501 enuntiari
879 4446 1113 4516 possint
1139 4448 1218 4515 (n.
1253 4445 1402 4511 1876,
1434 4456 1584 4515 5225,
1611 4443 1769 4513 6516,
1804 4443 1987 4507 10216,
2020 4444 2203 4505 10282,
2238 4444 2449 4512 ¹0432)·
2576 4452 2587 4461 ·

659 4515 840 4589 Quod
871 4518 1053 4573 etiam
1077 4516 1273 4589 angeli
1303 4516 1573 4589 cogitent
1593 4513 1896 4573 abstracte
1924 4530 1960 4571 e
1996 4514 2267 4586 personis
2300 4518 2379 4584 (n.
2411 4514 2566 4585 8343,
2594 4512 2783 4583 ⁸945st

555 4586 736 4659 ⁸9851·
755 4590 944 4658 9007)-
