3371 5304
600 606 721 687 196
1248 618 1349 669 DE
1396 617 1649 669 CAELO
1689 617 1786 669 ΕΤ
1831 618 2200 671 INFERNO.

581 788 821 865 dicum,
851 790 939 853 de
972 788 1223 865 Micha,
1254 790 1437 871 quod
1470 788 1685 853 Danis
1717 786 1834 853 filii
1865 789 2280 854 abstulerint
2305 788 2450 872 ejus
2479 790 2824 873 sculptile,

581 882 995 966 theraphim,
1046 893 1118 947 et
1164 883 1507 958 Levitam,
1558 894 1723 947 tunc
1770 894 1920 947 erat
1967 886 2244 967 spiritus
2289 906 2382 949 ex
2427 885 2826 969 gentilibus,

581 980 697 1063 qui
727 980 796 1042 in
829 980 975 1042 vita
1007 955 1309 1061 corporis
1346 981 1450 1041 sui
1480 980 1891 1043 adoraverat
1923 980 2264 1061 sculptile.
2355 978 2528 1044 Cum
2552 990 2828 1045 attente

580 1075 849 1138 audiret
888 1074 1047 1156 quid
1085 1071 1337 1138 factum
1377 1073 1670 1148 Michae,
1707 1083 1779 1138 et
1826 1075 1894 1137 in
1933 1094 2068 1156 quo
2105 1075 2346 1138 dolore
2382 1074 2508 1137 fuit
2545 1084 2826 1158 propter

580 1168 907 1263 sculptile
968 1188 1184 1243 suum,
1240 1168 1422 1252 quod
1482 1169 1916 1234 abstulerunt
1975 1170 2300 1245 Danitae‚
2362 1170 2574 1233 etiam
2633 1169 2826 1234 illum

580 1264 1112 1347 superveniebat
1149 1274 1220 1328 et
1258 1262 1605 1327 afficiebat
1636 1264 1858 1340 dolor,
1892 1284 2105 1348 usque
2138 1259 2315 1328 adeo
2351 1275 2428 1329 ut
2464 1265 2585 1329 vix
2617 1266 2824 1331 sciret

581 1376 745 1440 prae
782 1360 1109 1423 interiore
1146 1357 1387 1422 dolore
1423 1359 1585 1440 quid
1624 1360 2012 1441 cogitaret;
2067 1360 2180 1443 qui
2226 1359 2426 1424 dolor
2463 1368 2826 1442 perceptus

579 1463 710 1529 est,
748 1464 821 1517 et
860 1452 1058 1516 simul
1098 1462 1427 1535 percepta
1464 1454 1864 1517 innocentia
1907 1454 1975 1517 in
2013 1453 2302 1535 singulis
2340 1453 2484 1536 ejus
2521 1452 2824 1519 affectio-

579 1548 796 1611 nibus.
888 1544 1254 1611 Christiani
1292 1548 1503 1611 etiam
1543 1548 1820 1629 spiritus
1865 1548 2178 1623 aderant,
2217 1558 2290 1613 et
2335 1549 2821 1625 observabant,

576 1652 649 1707 et
684 1643 904 1707 mirati
936 1653 1117 1719 sunt,
1146 1642 1329 1725 quod
1363 1642 1702 1723 sculptilis
1735 1644 2062 1707 adorator
2094 1654 2295 1707 tanta
2320 1644 2823 1709 misericordiae

576 1747 650 1803 et
687 1740 1125 1802 innocentiae
1165 1735 1525 1801 affectione
1558 1747 1974 1802 moveretur.
2068 1737 2320 1801 Postea
2357 1738 2519 1801 boni
2549 1739 2822 1821 spiritus

578 1852 735 1898 eum
795 1853 879 1897 eo
932 1833 1149 1896 locuti
1208 1841 1389 1906 sunt,
1432 1832 1769 1909 dicentes,
1810 1832 1994 1915 quod
2056 1830 2377 1915 sculptile
2431 1851 2570 1896 non
2631 1843 2821 1898 esset

578 1927 1027 2001 adorandum,
1079 1938 1150 1990 et
1202 1927 1386 2008 quod
1447 1925 1577 1989 hoc
1640 1927 2035 2008 intelligere
2083 1936 2318 2007 posset
2364 1929 2522 2010 quia
2565 1928 2821 2007 homo;

576 2022 700 2086 sed
738 2023 921 2104 quod
955 2024 1267 2103 cogitare
1300 2021 1553 2085 debeat
1583 2031 1785 2084 extra
1815 2021 2137 2103 sculptile
2175 2022 2263 2084 de
2302 2021 2454 2085 Deo
2491 2020 2822 2087 Creatore

576 2126 650 2181 et
689 2115 1165 2181 Gubernatore
1198 2118 1493 2180 universi
1525 2116 1702 2179 caeli
1740 2126 1812 2179 et
1851 2116 2206 2179 universae
2246 2124 2492 2192 terrae,
2527 2126 2602 2181 et
2637 2116 2820 2200 quod

576 2210 695 2275 ille
755 2209 941 2274 Deus
1000 2219 1188 2273 esset
1235 2210 1593 2273 Dominus,
1684 2209 1857 2273 Cum
1903 2209 2073 2273 haec
2125 2209 2552 2285 dicebantur,
2601 2211 2819 2295 perci-

576 2326 739 2389 pere
784 2305 1077 2368 dabatur
1140 2304 1284 2385 ejus
1356 2304 1784 2368 adorationis
1849 2301 2166 2369 affectum
2239 2304 2660 2381 interiorem,
2707 2306 2819 2389 qui

576 2418 847 2464 mecum
909 2399 1569 2475 communicabatur,
1627 2397 1848 2463 multo
1901 2396 2315 2463 sanctiorem
2375 2420 2578 2482 quam
2639 2399 2820 2483 apud

576 2492 1025 2557 Christianos,
1118 2492 1232 2555 Ex
1269 2512 1405 2576 quo
1438 2502 1765 2555 constare
1797 2501 2056 2574 potest,
2091 2492 2277 2575 quod
2309 2490 2625 2557 Gentiles
2655 2494 2819 2558 faci-

577 2586 705 2649 lius
752 2589 819 2649 in
866 2586 1132 2649 caelum
1171 2588 1478 2661 veniant,
1518 2606 1724 2670 quam
1756 2584 2127 2651 Christiani
2174 2586 2402 2665 hodie,
2443 2588 2819 2652 secundum

574 2681 855 2746 Domini
892 2681 1104 2744 verba
1139 2680 1319 2761 apud
1350 2679 1601 2744 Lucam
1624 2703 1651 2743 .·

676 2844 877 2895 “Tunc
905 2853 1126 2894 venient
1148 2845 1217 2892 ab
1245 2845 1453 2893 oriente
1482 2853 1537 2894 et
1560 2844 1853 2900 occidente,
1877 2853 1932 2892 et
1965 2858 2000 2893 a
2033 2843 2402 2906 septentrione
2427 2854 2481 2894 et
2505 2845 2745 2906 meridie,
2763 2855 2820 2896 et

869 2910 1210 2959 discumbent
1250 2909 1305 2958 in
1346 2923 1515 2971 regno
1548 2909 1685 2959 Dei:
1734 2917 1788 2958 et
1827 2923 1952 2959 ecce
1977 2918 2106 2958 sunt
2131 2910 2308 2959 ultimi
2335 2910 2426 2973 qui
2453 2919 2614 2960 erunt
2637 2911 2815 2975 primi,

860 2984 916 3024 et
942 2984 1071 3024 sunt
1093 2973 1253 3038 primi
1273 2975 1362 3038 qui
1386 2983 1544 3024 erunt
1566 2974 1785 3024 ultimi”
1809 2973 1939 3036 (xiii.
1967 2986 2046 3038 29,
2071 2973 2198 3038 30);

572 3171 733 3216 nam
779 3153 850 3215 in
886 3160 1077 3216 statu
1124 3153 1193 3215 in
1230 3171 1365 3234 quo
1402 3150 1519 3215 ille
1558 3163 1728 3227 erat,
1771 3151 1998 3235 potuit
2037 3153 2246 3217 imbui
2283 3153 2599 3220 omnibus
2637 3151 2840 3232 fidei,·

572 3257 645 3312 et
703 3246 822 3310 illa
867 3265 1023 3309 cum
1067 3247 1395 3310 interiore
1432 3243 1794 3310 affectione
1831 3249 2184 3329 recipere3
2247 3249 2429 3330 apud
2465 3268 2622 3312 eum
2667 3259 2818 3314 erat

571 3342 1037 3408 misericordia
1072 3361 1247 3424 quae
1283 3343 1555 3416 amoriS,
1596 3351 1670 3404 et
1707 3343 1774 3404 in
1821 3340 1965 3424 ejus
2003 3343 2395 3424 ignorantia
2431 3354 2578 3409 erat
2617 3345 2816 3410 inno-

570 3437 800 3501 centia
824 3459 841 3515 3
880 3455 1057 3520 quae
1082 3456 1235 3499 cum
1261 3436 1537 3511 adsunt,
1560 3438 1792 3501 omnia
1817 3437 1974 3502 fidei
1999 3439 2175 3502 sicut
2203 3449 2454 3521 sponte
2478 3439 2814 3522 recipiun-

570 3542 702 3607 tur,
734 3542 808 3596 et
843 3532 977 3596 hoc
1014 3549 1171 3594 cum
1201 3531 1471 3612 gaudio.
1562 3531 1916 3616 Receptus
1948 3533 2106 3596 dein
2141 3542 2252 3596 est
2288 3534 2469 3597 inter
2499 3533 2812 3616 angelos.

695 3645 887 3713 325.
948 3629 1147 3694 Unus
1181 3630 1431 3693 chorus
1470 3631 1557 3694 ad
1596 3631 2004 3694 distantiam
2041 3631 2314 3696 auditus
2349 3633 2475 3697 fuit
2513 3633 2812 3715 quodam

569 3745 813 3804 mane-3
880 3745 972 3788 ex
1027 3725 1220 3788 chori
1276 3727 2032 3806 repraesentationibus
2092 3746 2518 3808 cognoscere
2571 3728 2812 3792 datum

567 3832 701 3894 est,
741 3821 923 3902 quod
962 3828 1199 3884 essent
1238 3818 1619 3884 Chinenses
1651 3840 1666 3897 3
1713 3821 2057 3885 sistebant
2095 3823 2278 3885 enim
2311 3823 2613 3902 speciem
2643 3821 2813 3888 hirci

566 3915 807 3990 lanati,
850 3923 997 3978 tum
1035 3915 1431 3996 placentam
1470 3936 1561 3978 ex
1600 3915 1826 3990 miliis,
1850 3919 1922 3977 et
1947 3911 2306 3978 cochleare
2329 3908 2705 3988 ¹¹¹ebenum,
2735 3926 2810 3983 ut

565 4021 639 4075 et
697 4011 925 4073 ideam
984 4009 1171 4072 urbis
1230 4009 1559 4072 natatilis
1650 4008 2163 4074 Desiderabant
2223 4011 2499 4094 propius
2551 4011 2666 4088 ad⁵
2701 4031 2810 4076 me

563 4107 820 4181 venire,
854 4113 927 4168 et
960 4123 1113 4168 cum
1152 4124 1226 4166 se
1260 4103 1710 4186 applicarent,
1745 4105 2072 4168 dicebant
2103 4105 2286 4188 quod
2319 4105 2448 4169 soli
2485 4107 2666 4190 apud
2699 4125 2808 4172 me

564 4220 719 4264 esse
776 4199 1065 4274 vellent,
1114 4209 1188 4262 ut
1250 4219 1372 4261 sua
1430 4199 1748 4279 cogitata
1807 4201 2204 4283 aperirent.'
2266 4198 2404 4264 Sed
2451 4201 2809 4266 dicebatur

562 4295 683 4370 eis,
724 4295 907 4377 quod
968 4293 1097 4357 soli
1162 4311 1301 4356 non
1348 4303 1604 4370 essent,
1654 4304 1727 4359 et
1785 4295 1968 4378 quod
2023 4294 2138 4358 alii
2191 4297 2305 4378 qui
2360 4294 2809 4378 indignantur

560 4390 745 4472 quod
777 4389 907 4452 soli
938 4409 1092 4452 esse
1122 4387 1411 4462 vellent,
1446 4407 1601 4451 cum
1633 4397 1870 4453 tamen
1894 4388 2258 4472 hospites..
2319 4390 2806 4472 Indignatione

560 4503 798 4548 eorum
845 4493 1192 4567 percepta,
1234 4481 1301 4545 in
1349 4483 1852 4564 cogitationem
1899 4483 2072 4566 lapsi
2120 4495 2303 4558 sunt,
2338 4489 2561 4548 ιιιἰιιιῐῐι
2607 4505 2803 4567 prae-

562 4579 847 4643 varicati
878 4579 1014 4641 sint
1048 4587 1295 4642 contra
1326 4578 1738 4660 proximum,
1780 4587 1854 4642 et
1895 4599 2056 4642 num
2090 4582 2451 4663 quicquam
2489 4581 2617 4644 sibi
2657 4582 2798 4643 vin-
