3371 5304
556 612 685 678 274
1206 612 1307 661 DE
1353 610 1603 661 CAELO
1650 612 1746 662 ET
1793 612 2156 665 INFERNO.

556 782 669 847 diu
707 779 931 847 1¹²haec
974 780 1363 863 conjunctio
1395 790 1690 865 perstat,
1725 782 1988 848 tamdiu
2019 788 2636 867 correspondentia
2673 798 2805 866 est,

555 887 627 941 et
665 877 829 941 inde
866 878 1011 941 vita
1048 878 1327 960 spiritus
1364 878 1431 941 in
1470 898 1782 959 corpore.

680 974 883 1057 448.
944 971 1315 1054 Quomodo
1360 975 1802 1039 resuscitatio
1847 973 1944 1049 fit,
1995 995 2132 1040 non
2181 978 2408 1041 modo·
2437 977 2602 1043 mihi
2657 978 2823 1060 dic--

555 1076 702 1130 tum
763 1078 893 1143 est,
943 1068 1066 1131 sed
1112 1070 1323 1133 etiam
1384 1089 1505 1151 per
1563 1070 1790 1133 vivam
1850 1072 2351 1153 experientiam
2400 1082 2757 1135 ostensum
2787 1094 2804 1152 ;

552 1162 700 1244 ipsa
736 1163 1173 1243 experientia
1204 1182 1471 1228 mecum
1504 1161 1685 1228 facta
1713 1174 1854 1241 est,
1881 1166 1972 1227 ob
2005 1184 2282 1230 causam
2321 1176 2397 1230 ut
2437 1166 2641 1247 plene
2672 1168 2804 1231 sci·

553 1276 696 1321 rem
734 1259 1081 1339 quomodo
1120 1257 1217 1323 fit.

676 1366 886 1435 449.
934 1353 1011 1416 In
1046 1363 1306 1417 statum
1332 1354 1882 1419 insensibilitatis
1907 1355 2134 1437 quoad
2167 1376 2535 1438 corporeos
2566 1374 2802 1422 sensus

552 1445 917 1528 perductus
958 1468 1127 1523 sum,
1164 1451 1266 1513 ita
1312 1469 1531 1531 paene
1569 1451 1636 1514 in
1676 1460 1934 1515 statum
1973 1452 2434 1527 morientium,
2475 1461 2802 1517 manente

552 1552 788 1605 tamen
824 1543 1149 1609 interiore
1185 1545 1330 1608 vita
1366 1546 1637 1626 integra
1681 1566 1838 1609 curn
1875 1547 2328 1628 cogitatione,
2369 1558 2446 1611 ut
2493 1550 2802 1630 percipe-

551 1656 697 1701 rem
726 1648 799 1702 et
838 1640 1166 1703 memoria
1197 1641 1563 1703 retinerem
1601 1640 1720 1703 illa
1760 1661 1932 1723 quae
1965 1644 2484 1724 contingerent,
2517 1654 2589 1707 et
2629 1662 2802 1726 quae

551 1734 968 1815 contingunt
1003 1734 1139 1798 illis
1172 1736 1283 1817 qui
1314 1756 1353 1798 e
1381 1737 1675 1799 mortuis
1705 1738 2226 1802 resuscitantur.
2305 1736 2586 1822 Percepi
2617 1739 2800 1821 quod

550 1848 773 1909 paene
804 1830 1135 1911 adempta
1166 1839 1352 1893 esset
1388 1832 1752 1911 respiratio
1785 1834 2113 1914 corporis,
2149 1842 2554 1898 remanente
2587 1835 2801 1915 respi-

550 1923 817 1987 ratione
843 1924 1164 1988 interiore
1186 1945 1356 2007 quae
1385 1926 1682 2005 spiritus,
1703 1924 2070 2007 conjuncta
2092 1945 2245 1990 cum
2273 1930 2465 1991 tenui
2489 1938 2561 1993 et
2587 1930 2801 1992 tacita

550 2020 874 2101 corporis.
966 2020 1261 2083 Primum
1288 2031 1453 2084 tunc
1487 2021 1655 2084 data
1687 2032 1796 2083 est
1828 2024 2364 2087 communicatio
2390 2024 2616 2105 quoad
2651 2022 2800 2105 pul-

550 2134 699 2179 sum
738 2116 966 2179 cordis
1004 2135 1157 2179 cum
1191 2135 1406 2198 regno
1440 2117 1748 2193 caelesti,
1783 2120 2106 2201 quoniam
2147 2120 2213 2181 id
2251 2138 2540 2201 regnum
2572 2140 2801 2184 corre-

552 2210 848 2293 spondet
876 2211 1067 2275 cordi
1090 2213 1273 2293 apud
1298 2212 1648 2277 hominem
1674 2210 1752 2275 ;(·’)
1788 2214 1913 2276 visi
1939 2212 2147 2277 etiam
2173 2224 2334 2277 sunt
2361 2213 2594 2295 angeli
2619 2214 2799 2291 inde,

548 2306 813 2389 aliquot
868 2328 903 2369 e
956 2306 1356 2389 longinquo,
1407 2318 1479 2372 et
1526 2309 1665 2372 bini
1713 2326 1926 2390 prope
1965 2319 2173 2392 caput
2213 2310 2319 2372 cui
2357 2309 2800 2389 assidebant;

549 2402 709 2477 inde
756 2403 981 2465 omnis
1018 2400 1286 2467 affectio
1324 2404 1601 2486 propria
1646 2402 1881 2467 ablata
1927 2414 2059 2478 est,
2100 2405 2222 2467 sed
2270 2424 2484 2487 usque
2530 2424 2800 2487 perma-

550 2498 763 2562 nebat
800 2499 1139 2579 cogitatio
1176 2507 1249 2563 et
1298 2498 1653 2581 perceptio
1687 2519 1702 2576 ;
1757 2500 1825 2561 in
1874 2498 2006 2562 hoc
2045 2508 2236 2562 statu
2273 2519 2460 2563 eram
2507 2519 2628 2581 per
2673 2500 2799 2563 ali·

550 2603 718 2677 quot
776 2592 1001 2658 horas.
1112 2590 1401 2676 Spiritus
1462 2605 1652 2669 tunc,
1712 2595 1826 2676 qui
1884 2594 2136 2658 circum
2198 2613 2307 2658 me
2366 2594 2662 2670 suerunt,
2724 2614 2800 2660 se

550 2689 1026 2763 removebant,
1068 2699 1513 2753 autumantes
1544 2689 1730 2772 quod
1768 2698 2083 2752 mortuus
2123 2709 2396 2768 essem3
2443 2689 2798 2755 1¹¹sentitus

550 2787 762 2849 etiam
806 2794 916 2848 est
962 2785 1135 2847 odor
1170 2787 1612 2860 aromaticuS,
1654 2787 1832 2849 sicut
1879 2786 2233 2848 cadaveris
2272 2786 2581 2865 conditi;
2637 2806 2797 2851 nam

550 2899 705 2944 cum
750 2879 983 2961 angeli
1029 2881 1375 2944 caelestes
1423 2881 1700 2956 adsunt,
1741 2889 1907 2943 tunc
1955 2881 2452 2944 cadaverosum
2500 2884 2802 2947 sentitur

550 2985 625 3040 ut
664 2976 1141 3049 aromaticum,
1182 2995 1387 3058 quem
1434 2995 1586 3040 cum
1634 2977 1914 3058 spiritus
1952 2977 2283 3050 sentiunt,
2325 2994 2466 3040 non
2503 2987 2798 3060 possunt

549 3071 1097 3153 appropinquare
1129 3093 1143 3148 ;
1193 3073 1292 3134 ita
1324 3091 1593 3154 quoque
1626 3081 1947 3135 arcentur
1973 3071 2136 3135 mali
2169 3072 2450 3153 spiritus
2482 3092 2524 3136 a
2553 3073 2796 3155 spiritu

550 3166 867 3240 hominiS,
924 3184 1079 3228 cum
1142 3167 1431 3248 primum
1492 3167 1951 3230 introducitur
2007 3166 2076 3228 in
2137 3168 2355 3229 vitam
2413 3175 2792 3232 aeternam.

550 3261 829 3343 Angeli,
870 3263 983 3344 qui
1020 3263 1424 3326 assidebant
1464 3263 1698 3342 capiti,
1739 3261 1938 3325 taciti
1977 3272 2198 3337 erant,
2240 3262 2450 3326 modo
2486 3281 2798 3326 commu·

552 3359 864 3421 nicantes
910 3377 1031 3420 sua
1078 3359 1391 3438 cogitata
1436 3376 1591 3420 curn
1644 3358 1865 3434 meis;
1929 3376 2104 3438 quae
2150 3377 2303 3420 cum
2350 3358 2792 3440 recipiuntur,

549 3453 773 3516 sciunt
798 3451 1031 3534 angeli
1054 3452 1237 3534 quod
1270 3451 1549 3534 spiritus
1574 3451 1872 3514 hominis
1904 3451 1970 3514 in
2005 3472 2091 3514 eo
2123 3461 2313 3515 statu
2346 3451 2458 3526 sit,
2487 3460 2563 3516 ut
2595 3453 2794 3516 educi

549 3569 585 3612 e
625 3567 911 3628 corpore
947 3546 1185 3630 possit.
1276 3545 1829 3610 communicatio
1863 3545 2368 3627 cogitationum
2401 3564 2635 3609 eorum
2673 3545 2790 3610 fie-

550 3645 669 3707 bat
707 3663 827 3726 per
862 3640 1216 3726 aspectum
1253 3643 1320 3706 in
1352 3641 1595 3705 faciem
1630 3658 1854 3705 meam
1885 3661 1900 3718 ;
1947 3642 2042 3704 sic
2078 3641 2257 3705 enim
2297 3641 2364 3703 in
2397 3641 2593 3704 caelo
2625 3639 2792 3706 fiunt

549 3740 1055 3822 cogitationum
1122 3737 1804 3801 communicationes.
1909 3735 2086 3817 Quia
2155 3735 2321 3799 mihi
2381 3733 2621 3800 relicta
2683 3746 2793 3800 est

549 3836 880 3918 cogitatio
904 3844 978 3898 et
1010 3833 1387 3916 perceptio,
1411 3833 1501 3896 ob
1526 3850 1801 3896 causam
1836 3841 1910 3895 ut
1942 3833 2186 3896 scirem
2220 3840 2292 3895 et
2322 3831 2792 3895 reminiscerer

547 3930 895 4014 quomodo
932 3928 1371 3993 resuscitatio
1402 3927 1499 4004 fit,
1534 3927 1996 4010 percipiebam
2035 3926 2219 4010 quod
2257 3927 2489 4008 angeli
2527 3927 2626 3990 illi
2657 3928 2792 4008 pri·

548 4045 731 4090 mum
778 4027 1193 4108 inquirerent
1242 4043 1415 4108 quae
1476 4023 1818 4106 cogitatio
1877 4040 2032 4086 mea
2090 4031 2300 4098 esset,
2341 4041 2502 4085 num
2555 4021 2792 4085 similis
2891 4019 2896 4024 ’

654 4271 833 4345 Quod
860 4287 1032 4326 amor
1060 4269 1139 4326 sit
1164 4270 1330 4325 calor
1352 4267 1694 4340 spiritualis.
1720 4277 1785 4323 et
1816 4266 1956 4322 inde
1987 4267 2182 4338 ipsum
2209 4265 2392 4322 vitale
2417 4265 2682 4324 hominis
2713 4271 2790 4334 (n.

554 4343 703 4415 1589·
730 4343 885 4411 2146.
914 4357 982 4411 33
1021 4343 1070 4406 8.
1096 4341 1253 4410 4906.
1280 4339 1799 4425 ἰ·<>8,1-7986.9954Ξ
1833 4337 2046 4405 19749).

653 4413 835 4486 Quod
860 4413 977 4468 affe
1042 4413 1101 4468 io
1126 4413 1206 4468 sit
1230 4421 1585 4467 continuum
1610 4425 1833 4464 amoris
1861 4412 1943 4478 (n.
1972 4407 2156 4478 3938).

656 4537 729 4605 (e)
782 4533 962 4618 Quod
983 4549 1089 4616 cor
1105 4531 1571 4616 correspondeat
1596 4545 1783 4656 τοῖἓο
1807 4529 2054 4586 caelesti
2075 4527 2341 4591 Domini,
2363 4529 2569 4600 pulmo
2587 4541 2790 4584 autern

552 4623 734 4680 regno
758 4605 1055 4678 spirituali
1086 4603 1278 4677 Ipslus
1306 4605 1388 4672 (n.
1417 4603 1572 4673 3635,
1602 4601 1669 4672 38
1745 4643 1758 4664 ,
1782 4600 1963 4671 3887).
