3371 5304
904 641 1004 692 DE
1050 637 1345 692 GAUDIO
1390 638 1487 691 ET
1532 640 1994 693 FELICITATE
2039 642 2424 694 CAELESTI.
2661 645 2790 711 249

550 812 627 875 In
653 811 1024 893 jucundum
1056 813 1659 896 concupiscentiae
1684 834 1848 877 suae
1870 814 2156 879 veniunt
2185 834 2278 877 ex
2311 814 2788 896 deprivatione

548 917 619 972 et
664 910 1045 973 remotione
1084 908 1365 991 jucundi
1410 909 1736 974 caelestis
1779 911 1961 991 apud
2005 909 2164 975 illos
2206 912 2322 993 qui
2365 912 2434 976 in
2479 930 2564 975 eo
2610 920 2786 975 sunt.

546 1002 779 1067 Aliter
822 1002 920 1080 fit,
958 1004 1237 1087 quando
1296 1024 1435 1069 non
1488 1005 1878 1089 deprivatio
1927 1015 2004 1070 et
2061 1006 2360 1069 remotio
2425 1016 2574 1083 est;
2621 1016 2786 1071 tunc

549 1119 687 1162 non
748 1109 1041 1181 possunt
1095 1101 1664 1183 appropinquare,
1713 1101 1872 1183 quia
1929 1110 2264 1184 quantum
2326 1110 2488 1164 tunc
2535 1122 2787 1184 appro-

546 1195 904 1277 pinquant,
934 1204 1207 1259 tantum
1240 1196 1309 1257 in
1337 1215 1639 1277 >angores
1670 1205 1744 1259 et
1781 1195 2062 1260 dolores
2091 1197 2414 1273 veniunt;
2462 1196 2619 1259 inde
2653 1207 2785 1271 est,

546 1290 728 1373 quod
764 1310 921 1355 raro
952 1291 1179 1355 ausint
1212 1310 1427 1373 prope
1456 1290 1812 1355 accedere.
1903 1290 2059 1355 Hoc
2097 1311 2368 1374 quoque
2407 1312 2527 1374 per
2559 1292 2787 1373 plures

545 1386 1013 1469 experientias
1038 1386 1277 1450 datum
1302 1395 1411 1451 est
1445 1386 1639 1462 scire,
1673 1406 1768 1450 ex
1799 1385 2041 1467 quibus
2063 1386 2318 1469 aliquid
2343 1388 2557 1452 etiam
2582 1388 2786 1452 velim

545 1482 865 1563 proferre.
952 1480 1247 1563 Spiritus
1280 1483 1392 1565 qui
1430 1503 1468 1545 e
1508 1481 1768 1546 mundo
1803 1482 1872 1545 in
1903 1480 2196 1545 alteram
2229 1482 2446 1545 vitam
2477 1484 2786 1563 veniunt,

546 1576 709 1639 nihil
746 1577 975 1658 potius
1012 1576 1293 1659 cupiunt
1326 1595 1531 1659 quam
1562 1577 1794 1640 venire
1829 1575 1899 1639 in
1932 1575 2200 1639 caelum
2231 1597 2246 1653 ;
2293 1595 2513 1658 paene
2545 1597 2787 1643 omnes

544 1670 612 1734 id
658 1680 1029 1753 expetunt,
1076 1672 1443 1735 credentes
1488 1672 1674 1753 quod
1735 1670 2002 1735 caelum
2048 1690 2186 1734 non
2246 1672 2337 1735 sit
2390 1672 2520 1735 nisi
2581 1682 2788 1755 qua'm

544 1765 914 1831 intromitti
968 1775 1039 1830 et
1100 1766 1351 1849 recipi:
1419 1775 1838 1849 quapropter
1883 1767 2088 1829 etiam
2143 1767 2298 1850 quia
2343 1768 2647 1849 cupiunt,
2698 1769 2787 1833 ad

545 1861 843 1944 aliquam
890 1862 1295 1927 societatem
1344 1860 1517 1925 caeli
1573 1860 1796 1925 ultimi
1841 1861 2166 1925 feruntur.
2258 1858 2392 1941 Qui
2439 1863 2505 1925 in
2550 1883 2786 1929 amore

545 1958 645 2021 sui
681 1965 753 2021 et
788 1957 1025 2020 mundi
1061 1965 1243 2033 sunt,
1286 1975 1439 2020 cum
1476 1955 1565 2019 ad
1604 1957 1895 2038 primum
1930 1955 2138 2020 limen
2171 1955 2350 2019 illius
2387 1958 2563 2021 caeli
2594 1960 2787 2021 veni-

546 2060 691 2127 unt,
730 2052 1068 2133 incipiunt
1108 2052 1271 2133 angi
1310 2070 1393 2115 ac
1433 2050 1719 2115 interius
1755 2051 1856 2114 ita
1893 2051 2198 2125 cruciari,
2239 2059 2314 2114 ut
2361 2054 2671 2117 sentiant
2717 2056 2785 2118 in

544 2166 617 2209 se
649 2147 875 2227 potius
912 2146 1246 2209 infernum
1286 2165 1488 2228 quam
1522 2145 1838 2224 caelum;
1887 2154 2305 2229 quapropter
2343 2146 2669 2227 dejiciunt
2711 2170 2784 2213 se

544 2240 953 2323 praecipites
990 2241 1169 2317 inde,
1205 2261 1329 2305 nec
1370 2241 1734 2325 quiescunt
1767 2240 2156 2323 priusquam
2191 2242 2260 2304 in
2299 2241 2574 2305 infernis
2607 2244 2783 2327 apud

542 2355 720 2400 suos,
811 2334 1095 2418 Saepius
1127 2337 1336 2399 etiam
1370 2334 1621 2399 factum
1653 2344 1786 2411 est,
1821 2336 2005 2418 quod
2037 2335 2210 2399 tales
2244 2335 2782 2403 desideraverint

543 2449 747 2493 nosse
785 2430 946 2512 quid
983 2432 1308 2513 gaudium
1350 2430 1654 2494 caeleste
1684 2450 1702 2509 ;
1750 2438 1821 2493 et
1860 2449 2012 2494 cum
2052 2430 2458 2494 audiverunt
2495 2433 2674 2512 quod
2717 2435 2782 2496 in

542 2524 979 2589 interioribus
1025 2524 1425 2607 angelorum
1484 2526 1599 2599 sit,
1640 2524 2043 2607 cupiverunt
2089 2526 2784 2591 communicationem

542 2618 684 2704 ejus
730 2639 1002 2699 secum;
1064 2640 1271 2704 quare
1317 2621 1527 2684 etiam
1572 2616 1825 2684 fac‘tum
1873 2628 2006 2695 est,
2047 2638 2208 2683 nam
2251 2620 2436 2702 quod
2483 2622 2780 2702 spiritu3‚

542 2716 655 2798 qui
693 2716 999 2780 nondum
1046 2725 1154 2780 est
1200 2717 1267 2781 in
1317 2715 1512 2780 caelo
1550 2715 1660 2779 vel
1707 2716 1776 2778 in
1821 2715 2105 2789 inferno,
2148 2715 2358 2796 cupit,
2397 2714 2528 2778 hoc
2576 2715 2783 2778 etiam

542 2811 604 2874 ei
650 2812 875 2890 datur,
922 2811 979 2874 si
1024 2811 1371 2876 conducit.
1464 2808 1679 2874 Fac'ta
1725 2809 2370 2886 communicatione,
2407 2820 2784 2892 coeperunt

542 2907 847 2982 cruciari,
903 2907 974 2970 in
1033 2915 1309 2970 tantum
1370 2914 1444 2969 ut
1505 2905 1852 2968 nescirent
1913 2923 2075 2984 prae
2135 2903 2376 2967 dolore
2435 2905 2784 2985 quomodo

542 3001 1072 3084 comprimerent
1105 3021 1351 3083 corpus
1380 3021 1397 3080 3
1444 2999 1663 3064 visum
1704 3009 1834 3073 est,
1870 2998 2050 3081 quod
2090 2997 2541 3062 detruderent
2575 3007 2784 3081 caput

542 3117 750 3179 usque
785 3095 871 3158 ad
903 3096 1139 3179 pedeS,
1174 3115 1383 3178 seque
1420 3093 1798 3176 dejicerent
1835 3095 1903 3156 in
1942 3101 2217 3167 terram,
2253 3112 2332 3156 ac
2371 3092 2461 3155 ibi
2501 3113 2784 3176 serpen·

542 3191 631 3254 tis
679 3189 885 3253 modo
931 3197 1467 3272 contorquerent
1512 3209 1587 3251 se
1633 3186 1703 3250 in
1750 3188 1975 3263 orbe5‚
2023 3194 2096 3251 et
2141 3186 2274 3250 hoc
2329 3207 2420 3250 ex
2475 3187 2784 3251 interiori

542 3285 865 3349 cruciatu.
954 3283 1200 3347 Talem
1245 3280 1558 3347 effectum
1596 3283 1816 3346 edidit
1846 3281 2216 3364 jucundum
2255 3281 2557 3345 caeleste
2603 3283 2785 3364 apud

541 3379 697 3443 illos
734 3378 845 3462 qui
883 3379 951 3442 in
982 3377 1298 3460 jucundis
1344 3399 1434 3441 ex
1481 3398 1715 3443 amore
1753 3379 1852 3440 sui
1891 3385 1964 3440 et
2001 3376 2238 3439 mundi
2273 3384 2511 3439 erant:
2576 3396 2784 3440 causa

542 3483 675 3550 est,
714 3475 870 3558 quia
900 3493 1172 3537 amores
1202 3472 1301 3536 illi
1338 3491 1612 3556 prorsus
1652 3471 1956 3555 oppositi
1993 3480 2171 3545 sunt,
2208 3479 2281 3534 et
2318 3489 2469 3534 cum
2511 3473 2786 3553 opposi-

541 3578 689 3633 tum
735 3569 800 3631 in
840 3569 1232 3650 oppositum
1278 3569 1446 3648 agit,
1486 3565 1565 3630 fit
1609 3566 1772 3630 talis
1809 3566 2052 3644 dolor;
2113 3575 2187 3629 et
2224 3565 2380 3648 quia
2411 3565 2783 3646 jucundum

541 3663 844 3729 caeleste
882 3665 1097 3728 intrat
1134 3683 1255 3746 per
1288 3665 1470 3727 viam
1516 3662 1886 3738 internam,
1927 3681 2006 3726 ac
2053 3660 2272 3724 influit
2309 3663 2376 3724 in
2409 3661 2781 3743 jucundum

542 3760 1275 3840 contrarium,torquet
1306 3759 1633 3822 interiora
1663 3777 1838 3840 quae
1875 3757 1943 3820 in
1976 3755 2279 3838 jucundo
2309 3755 2430 3819 illo
2461 3765 2642 3830 sunt,
2675 3776 2780 3819 re-

540 3864 859 3928 trorsum,
886 3855 985 3917 ita
1014 3853 1083 3917 in
1118 3853 1245 3916 sibi
1270 3852 1703 3936 oppositum3
1743 3850 1900 3915 inde
1932 3851 2112 3916 tales
2144 3851 2501 3915 cruciatus.
2575 3849 2781 3931 Quod

541 3949 841 4034 oppositi
873 3950 1034 4026 sint,
1068 3956 1199 4023 est,
1236 3956 1311 4011 ut
1343 3967 1547 4030 supra
1576 3943 1833 4010 dictum
1867 3955 1993 4022 est,
2028 3947 2184 4028 quia
2215 3966 2408 4010 amor
2437 3947 2506 4008 in
2541 3944 2781 4008 Domi·

542 4063 701 4106 num
740 4051 812 4107 et
850 4062 1043 4106 amor
1078 4061 1243 4124 erga
1279 4041 1665 4123 proximum
1729 4040 1972 4104 volunt
2009 4041 2516 4104 communicare
2551 4041 2784 4103 omnia

536 4159 661 4205 sua
694 4137 867 4210 aliis,
918 4136 1049 4201 hoc
1096 4137 1278 4200 enim
1316 4153 1551 4200 eorum
1591 4135 1964 4217 jucundum
2023 4144 2155 4210 est,
2202 4144 2276 4199 et
2319 4153 2518 4198 amor
2561 4135 2663 4198 sui
2708 4145 2782 4200 et

541 4233 773 4296 mundi
808 4231 1052 4296 volunt
1089 4230 1348 4295 auferre
1386 4230 1536 4294 aliis
1574 4251 1717 4306 sua,
1751 4238 1824 4293 et
1861 4231 1948 4293 ad
1981 4251 2055 4293 se
2093 4231 2422 4304 derivare,
2458 4239 2532 4293 et
2564 4249 2780 4312 quan·

544 4337 689 4390 tum
721 4327 853 4391 hoc
884 4335 1175 4409 possunt
1209 4334 1481 4390 tantum
1520 4325 1587 4388 in
1619 4324 1922 4406 jucundo
1953 4334 2133 4388 sunt.
2224 4323 2338 4388 Ex
2369 4324 2476 4387 his
2513 4344 2782 4406 quoque

541 4422 713 4486 scire
744 4430 1001 4503 potest,
1028 4421 1209 4484 unde
1240 4428 1347 4485 est
1378 4419 1561 4502 quod
1594 4420 1926 4483 infernum
1951 4421 2040 4483 sit
2066 4417 2458 4502 separatum
2491 4439 2532 4482 a
2561 4419 2781 4495 caelo,

541 4535 783 4580 omnes
818 4517 1001 4580 enirn
1040 4517 1153 4598 qui
1192 4517 1259 4579 in
1298 4516 1561 4580 inferno
1598 4523 1780 4588 sunt,
1819 4515 2111 4589 fuerunt,
2153 4535 2308 4578 cum
2345 4515 2668 4578 vixerunt
2715 4515 2782 4576 in

542 4613 821 4690 mund0,
864 4613 932 4678 in
978 4611 1147 4678 solis
1184 4609 1503 4693 jucundis
1548 4611 1856 4692 corporis
1900 4619 1974 4674 et
2021 4611 2244 4674 carnis
2281 4629 2372 4674 ex
2411 4629 2644 4672 amore
2683 4610 2784 4672 sui
