3371 5304
721 621 820 672 DE
858 616 1444 685 CONIUNCTIONE
1481 617 1713 669 CAELI
1748 617 1909 670 CUM
1952 616 2290 668 HUMANO
2326 588 2657 667 G'ENERE.
2734 619 2848 685 173

599 792 762 858 mini
804 792 898 858 sit
933 791 1472 856 communicatio
1501 808 1658 858 cum
1696 788 1983 864 inferno,
2016 797 2089 854 et
2121 787 2661 854 communicatio
2694 807 2851 854 eum

597 889 816 958 caclo.

725 1002 928 1070 ²9⁴»
988 983 1232 1068 Qualis
1285 985 1825 1050 communicatio
1875 983 2059 1050 caeli
2116 993 2227 1050 est
2296 1003 2455 1051 cum
2499 983 2851 1066 spiritibus

593 1085 816 1160 bonis,
849 1093 924 1150 et
953 1082 1174 1168 qualis
1204 1083 1748 1148 communicatio
1776 1080 2021 1148 inferni
2050 1099 2211 1146 cum
2238 1081 2599 1165 spiritibus
2626 1080 2850 1157 malis,

592 1193 666 1249 et
701 1182 866 1248 inde
899 1180 1122 1266 qualis
1155 1189 1267 1246 est
1303 1175 1911 1262 conjunctiocaeli
1946 1189 2021 1246 et
2068 1179 2313 1246 inferni
2350 1198 2509 1244 cum
2542 1178 2847 1255 homine,

592 1281 806 1346 etiam
849 1279 1140 1344 dicetur.
1227 1275 1495 1344 Omnes
1536 1278 1841 1360 spiritus,
1878 1277 1993 1360 qui
2046 1277 2116 1342 in
2170 1277 2437 1342 mundo
2486 1277 2850 1360 spirituum

591 1387 778 1454 sunt,
801 1375 1503 1442 communicationem
1526 1374 1792 1440 habent
1810 1393 1967 1440 cum
1992 1373 2194 1441 cael-o-
2214 1385 2337 1440 aut
2367 1393 2523 1442 cum
2544 1373 2811 1440 inferno
2832 1394 2851 1452 ;

591 1475 755 1540 maii
785 1493 940 1540 cum
961 1474 1228 1538 inferno
1255 1483 1332 1538 et
1368 1473 1536 1538 boni
1565 1491 1725 1538 cum
1755 1471 1979 1538 caelo.
2056 1471 2346 1538 Caelum
2374 1473 2443 1538 in
2472 1473 2852 1538 societates

591 1583 702 1638 cst
731 1569 1158 1648 distinctum,
1192 1571 1512 1636 similiter
1541 1570 1926 1649 infern-um:
1969 1571 2431 1654 unumquisque
2450 1569 2728 1653 spiritus
2760 1571 2849 1638 ad

591 1671 890 1754 aliquam
921 1671 1334 1735 societatem
1357 1669 1685 1752 pertinet,
1708 1678 1783 1732 et
1813 1687 2091 1752 quoque
2114 1668 2427 1736 subsistit
2462 1688 2555 1732 ex
2586 1666 2851 1734 influxu

591 1769 776 1844 inde,
818 1768 916 1833 ita
969 1786 1128 1833 cum
1179 1766 1302 1832 illa
1337 1784 1546 1830 unum
1585 1767 1779 1848 agit:
1828 1767 1989 1832 inde
2026 1775 2159 1840 est.
2201 1765 2388 1850 quod
2424 1766 2603 1832 sicut
2638 1764 2851 1832 homo

589 1877 700 1932 est
725 1862 1131 1948 conjunctus
1167 1883 1326 1928 eum
1350 1864 1727 1947 spiritibus,
1748 1865 1854 1930 ita
1887 1865 1981 1928 sit
2015 1861 2425 1944 majansius
2459 1883 2615 1928 cum
2654 1862 2851 1928 caelo

591 1976 714 2030 aut
748 1983 904 2029 cum
941 1961 1247 2040 inferum
1293 1971 1368 2026 et
1404 1962 1689 2045 quidem
1723 1982 1883 2028 cum
1916 1961 2041 2029 illa
2074 1963 2419 2028 societate
2453 1962 2569 2036 ibi,
2608 1961 2678 2028 in
2714 1981 2851 2044 qua

591 2071 700 2126 est
725 2062 957 2145 quoad
979 2079 1173 2124 suam
1197 2056 1630 2126 affectionem
1663 2081 1785 2126 seu
1808 2059 2035 2143 quoad
2068 2079 2261 2126 suum
2295 2078 2598 2124 amorem
2622 2080 2639 2138 3
2688 2077 2851 2124 nam

591 2177 834 2224 omnes
871 2160 1251 2223 societates
1286 2158 1460 2222 caeli
1495 2155 1876 2224 distinctae
1922 2167 2088 2224 sunt
2124 2157 2505 2222 secundum
2540 2153 2849 2224 affectio-

591 2275 718 2320 nes
761 2256 930 2320 boni
977 2266 1050 2320 et
1109 2257 1252 2320 veri
1273 2305 1290 2334 ‚
1353 2266 1426 2320 et
1471 2275 1719 2320 omnes
1763 2256 2141 2324 societates
2184 2255 2429 2321 inferni
2472 2255 2848 2322 secundum

589 2349 992 2419 affestiones
1027 2354 1192 2418 mali
1230 2363 1304 2419 et
1342 2353 1516 2418 salsi.
1609 2351 1751 2438 (De
1788 2352 2261 2420 societatibus
2306 2352 2498 2420 caeli
2536 2353 2851 2420 videatur

591 2471 820 2535 supra,
854 2471 920 2515 n.
954 2465 1192 2532 41-45‚
1226 2461 1376 2516 tum
1407 2471 1474 2516 n.
1519 2449 1863 2536 148-131.)

718 2561 918 2632 295.
977 2548 1189 2613 Tales
1243 2549 1524 2632 spiritus
1561 2545 1825 2616 homini
1862 2547 2167 2632 adjuncti
2202 2559 2387 2624 sunt,
2428 2548 2651 2632 qualis
2699 2549 2849 2632 ipse

591 2656 702 2711 est
737 2647 966 2730 quoad
1004 2644 1440 2713 affectionem
1477 2648 1591 2713 vel
1626 2648 1857 2733 quoad
1896 2666 2227 2725 amorem,
2268 2647 2393 2713 sed
2448 2647 2611 2713 boni
2648 2647 2849 2731 spiri-

589 2754 707 2811 tus
734 2745 797 2810 ei
834 2744 1302 2828 adjunguntur
1336 2768 1380 2811 a
1415 2746 1745 2823 Domino,
1777 2756 1855 2813 at
1900 2747 2063 2812 mali
2099 2755 2538 2811 arcessuntur
2572 2744 2665 2811 ab
2698 2746 2849 2829 ipso

590 2842 890 2909 homine.
929 2842 1192 2909 Verum
1215 2853 1572 2909 mutantur
1597 2845 1871 2927 spiritus
1896 2844 2076 2928 apud
2100 2844 2453 2913 hominem
2474 2843 2851 2909 secundum

591 2942 1014 3009 mutationes
1059 2940 1206 3023 ejus
1248 2938 1733 3020 affefflonmm
1786 2943 1951 3007 inde
1988 2941 2111 3007 affl
2148 2943 2211 3007 ei
2258 2940 2539 3024 spir-itus
2573 2950 2736 3005 sunt
2781 2940 2850 3005 in

589 3038 896 3113 infantia,
937 3038 1052 3103 alii
1097 3040 1168 3103 in
1205 3041 1517 3123 pueritia,
1557 3040 1672 3104 alii
1717 3040 1789 3103 in
1831 3038 2307 3106 adolescentia
2349 3049 2421 3105 et
2460 3037 2848 3121 juventute,

589 3146 665 3201 et
694 3136 810 3201 alii
841 3138 910 3201 in
939 3134 1342 3205 senectute:
1389 3138 1460 3202 in
1491 3136 1781 3205 infantia
1810 3138 2063 3203 admunt
2093 3138 2371 3220 spiritus
2400 3137 2512 3219 qui
2549 3137 2617 3201 in
2652 3136 2849 3203 inno-

590 3236 825 3299 centia
863 3242 1050 3315 sunt,
1088 3236 1188 3299 ita
1233 3235 1352 3318 qui
1391 3237 1907 3301 communicant
1953 3254 2109 3301 cum
2146 3234 2347 3301 caelo
2380 3234 2847 3307 innocentiae,

590 3334 774 3414 quod
811 3342 920 3397 est
959 3333 1224 3399 caelum
1263 3334 1578 3399 intimum
1615 3353 1742 3397 seu
1782 3335 2109 3411 tertium3
2162 3334 2231 3396 in
2270 3333 2563 3415 pueritia
2595 3332 2851 3397 adsunt

591 3430 868 3511 spiritus
895 3432 1008 3514 qui
1044 3432 1116 3495 in
1145 3428 1510 3497 affectione
1537 3431 1807 3497 sciendi·
1828 3440 2015 3507 sunt,
2048 3432 2149 3497 ita
2184 3432 2299 3513 qui
2334 3431 2851 3497 communicant

590 3546 746 3591 cum
783 3528 979 3593 caelo
1011 3527 1258 3593 ultimo
1295 3549 1418 3593 seu
1452 3528 1715 3613 prim03
1762 3530 1837 3593 in
1873 3527 2354 3594 adolescentia
2384 3538 2457 3593 et
2488 3527 2849 3610 juventute

590 3625 842 3693 adsunt
867 3627 980 3709 qui
1015 3626 1082 3691 in
1116 3623 1476 3693 affectione
1500 3628 1642 3693 veri
1673 3636 1749 3693 et
1784 3626 1949 3693 boni
1978 3636 2161 3704 sunt,
2198 3636 2271 3691 et
2302 3626 2465 3692 inde
2494 3626 2565 3691 in
2592 3624 2851 3689 intelli-

591 3725 850 3805 gemia,
877 3726 978 3789 ita
1001 3726 1114 3808 qui
1145 3726 1662 3791 communicant
1685 3745 1843 3790 cum
1874 3724 2075 3791 caelo
2096 3724 2404 3791 seeundo
2432 3744 2553 3789 seu
2578 3722 2805 3789 medio
2830 3744 2854 3801 ς

589 3822 656 3885 in
697 3819 1058 3888 senectute
1095 3832 1330 3887 autem
1368 3823 1619 3887 adsunt
1657 3823 1937 3906 spiritus
1972 3822 2087 3907 qui
2130 3822 2203 3889 in
2238 3822 2581 3907 sapientia
2622 3829 2695 3886 et
2740 3820 2847 3889 in-

698 4103 880 4179 Quod
911 4106 1135 4177 alioqui
1161 4122 1333 4161 amor
1355 4106 1499 4162 boni
1536 4116 1599 4161 et
1622 4106 1749 4161 veri
1774 4121 1897 4161 non
1927 4105 2266 4177 implantari
2374 4105 2484 4160 ssit
2510 4103 2759 4167 homini.
2786 4114 2850 4159 et

590 4176 964 4248 appropriari
993 4188 1358 4249 apparenter
1385 4178 1542 4233 sicut
1571 4192 1719 4233 suus
1752 4178 1835 4247 (n.
1868 4176 2025 4243 2877,
2058 4176 2217 4245 2879·
2250 4189 2281 4231 2
2438 4174 2633 4245 2888?
2666 4174 2847 4244 28831.

593 4247 778 4315 8⁷⁰⁰).
901 4318 1053 4373 nihil·
1071 4320 1482 4391 conjungatur
1497 4318 1729 4375 homini
1748 4318 1915 4389 quod
1944 4317 2013 4372 fn
2035 4333 2111 4373 ex
2134 4315 2349 4373 coacto
2372 4318 2452 4387 (n.
2481 4316 2636 4387 2873,
2662 4316 2847 4385 8700).

745 4390 763 4443 i
795 4391 982 4445 homo
1007 4406 1082 4446 ex
1110 4387 1326 4446 coacto
1350 4389 1660 4447 reformari
1692 4399 1913 4460 posset.
1939 4388 2105 4461 quod
2136 4404 2353 4445 omnes
2379 4387 2850 4445 remunerentur

594 4462 678 4530 (ῃ.
705 4460 890 4587 '⁸831‘
905 4530 1183 4587 coactum
1211 4532 1272 4586 in
1299 4530 1729 4588 reformatione
1752 4531 1835 4587 sit
1856 4531 2221 4587 damnatum
2248 4532 2329 4600 (n.
2352 4530 2541 4600 4931).

744 4611 910 4659 ωηο
931 4600 1126 4658 concii
1153 4602 1398 4675 quinam
1425 4604 1508 4675 (n.
1535 4602 1721 4673 ⁸³⁹⁸)-
