3371 5304
533 635 656 684 120
1180 633 1282 683 DE
1327 626 1581 682 CAELO
1629 630 1727 680 ET
1768 629 2139 682 INFERNO.

519 825 615 870 ex
666 805 914 869 intimo
965 803 1186 882 caelo,
1240 802 1416 870 infra
1465 802 1624 870 illas
1671 823 1849 888 quae
1896 823 1987 868 ex
2034 805 2365 880 secundo,
2420 804 2592 871 infra
2644 807 2771 872 has

518 901 766 965 iterum
804 920 978 982 quae
1016 921 1108 965 ex
1154 899 1421 976 ultimo,
1458 908 1532 964 et
1569 899 1665 963 sic
1705 899 1943 976 ubivis,
1984 898 2128 962 sive
2166 899 2255 963 sit
2300 900 2369 964 in
2418 899 2587 966 locis
2624 903 2769 966 edi-

521 996 612 1060 tis
647 995 792 1060 sive
836 997 906 1058 in
946 1015 1084 1060 non
1121 995 1364 1060 editis:
1413 995 1715 1058 societas
1752 995 2115 1076 superioris
2152 994 2324 1060 caeli
2371 1015 2513 1062 non
2556 997 2771 1062 habet

520 1093 1213 1156 communicationem
1238 1110 1394 1156 cum
1427 1091 1769 1156 societate
1792 1090 2123 1154 inferioris
2154 1111 2359 1174 quam
2392 1111 2515 1173 per
2544 1112 2769 1157 corre·

520 1188 969 1269 spondentias
1005 1185 1348 1268 (videatur
1383 1205 1610 1268 supra,
1655 1207 1719 1251 n.
1754 1185 1928 1270 100),
1966 1194 2039 1250 et
2078 1189 2614 1252 communicatio
2650 1209 2771 1271 per

520 1283 1168 1365 correspondentias
1203 1291 1313 1346 est
1349 1303 1525 1366 quae
1562 1292 1852 1348 vocatur
1896 1281 2210 1346 influxus.

647 1378 851 1444 208.
909 1377 1361 1460 Conjungitur
1387 1397 1592 1442 unum
1623 1377 1891 1443 caelum
1924 1396 2081 1442 cum
2114 1377 2361 1454 altero,
2396 1399 2517 1443 seu
2549 1379 2767 1444 socie-

519 1483 632 1538 tas
669 1474 863 1537 unius
900 1473 1074 1537 caeli
1117 1492 1275 1536 cum
1319 1474 1658 1537 societate
1697 1473 1978 1537 alterius
2022 1494 2065 1537 a
2108 1473 2261 1538 solo
2299 1473 2605 1539 Domino
2648 1495 2769 1557 per

521 1567 852 1632 influxum
889 1567 1284 1632 immediate
1330 1578 1402 1632 et
1449 1568 1773 1643 mediate,
1813 1566 2215 1633 immediate
2250 1588 2293 1631 a
2336 1565 2426 1632 Se
2473 1568 2655 1651 Ipse,
2695 1581 2769 1635 et

520 1665 821 1730 mediate
861 1683 981 1746 per
1009 1663 1241 1728 caelos
1269 1665 1651 1745 superiores
1681 1665 1920 1729 ordine
1958 1666 2027 1728 in
2062 1662 2499 1729 inferiores.(⁹>
2590 1664 2769 1747 Quia

519 1759 915 1842 conjunctio
951 1759 1295 1823 caelorum
1336 1777 1457 1840 per
1484 1758 1817 1823 influxum
1852 1768 1961 1824 est
1998 1780 2038 1823 a
2074 1759 2228 1824 solo
2260 1760 2582 1837 Domino,
2611 1759 2769 1826 ideo

520 1863 969 1937 praecavetur
982 1874 1185 1936 quam
1211 1854 1535 1930 maxime,
1558 1874 1645 1917 ne
1663 1853 1905 1937 aliquis
1926 1854 2211 1936 angelus
2230 1857 2591 1937 superioris
2610 1877 2765 1922 cae·
2782 1927 2795 1936 ‚

520 1950 567 2014 li
592 1950 930 2031 despiciat
967 1950 1038 2012 in
1069 1949 1476 2012 societatem
1507 1949 1861 2025 inferioriS,
1890 1960 1962 2014 et
2000 1949 2318 2032 loquatur
2350 1971 2505 2015 cum
2538 1952 2765 2035 aliquo

519 2047 650 2110 ibi:
719 2056 794 2110 ut
856 2045 1146 2127 primum
1189 2044 1320 2108 hoc
1368 2043 1468 2121 fit,
1515 2045 1918 2128 deprivatur
1961 2045 2253 2127 angelus
2298 2046 2767 2129 intelligentia

519 2151 592 2206 et
637 2141 977 2223 sapientia
1011 2160 1152 2204 sua.
1239 2139 1526 2205 Dicetur
1561 2141 1775 2206 etiam
1814 2160 2061 2205 causa:
2111 2141 2471 2224 unicuique
2510 2143 2764 2224 angelo

519 2245 681 2300 sunt
706 2244 848 2300 tres
879 2235 1132 2317 gradus
1154 2234 1360 2311 vitae,
1386 2237 1564 2300 sicut
1587 2245 1750 2301 sunt
1776 2246 1917 2300 tres
1940 2233 2195 2317 gradus
2219 2235 2433 2314 caeli;
2468 2237 2626 2313 illis,
2653 2239 2765 2320 qui

521 2331 590 2394 in
628 2331 876 2395 intimo
913 2330 1109 2394 caelo
1143 2340 1326 2406 sunt,
1365 2340 1473 2395 est
1512 2331 1759 2396 tertius
1796 2351 1916 2394 seu
1954 2331 2235 2394 intimus
2272 2332 2527 2413 gradus
2564 2353 2761 2415 aper-

520 2435 654 2503 tuS,
687 2446 768 2490 ac
799 2426 1138 2490 secundus
1167 2434 1240 2489 et
1271 2426 1524 2507 primus
1548 2425 1761 2491 clausi
1790 2447 1807 2505 ;
1851 2426 2008 2500 illis,
2036 2427 2149 2509 qui
2179 2427 2249 2491 in
2282 2427 2510 2491 medio
2540 2429 2759 2504 caelo,

519 2531 628 2586 est
665 2521 1003 2585 secundus
1039 2520 1296 2602 gradus
1331 2529 1630 2602 apertus,
1669 2540 1751 2584 ac
1798 2521 2057 2602 primus
2102 2530 2173 2586 et
2220 2523 2467 2586 tertius
2503 2522 2762 2604 clausi3

517 2626 594 2682 et
629 2616 787 2693 illis,
829 2616 941 2699 qui
977 2616 1044 2679 in
1084 2614 1329 2680 ultimo
1365 2614 1563 2681 caelo
1599 2625 1783 2693 sunt,
1824 2626 1934 2681 est
1982 2617 2236 2699 primus
2274 2619 2528 2701 gradus
2564 2637 2762 2701 aper-

519 2722 652 2790 tus,
687 2732 766 2777 ac
799 2712 1140 2777 secundus
1171 2721 1243 2775 et
1275 2712 1520 2775 tertius
1542 2712 1797 2775 clausi:
1846 2722 1923 2777 ut
1962 2714 2250 2793 primum
2281 2715 2513 2797 itaque
2543 2734 2761 2796 ange-

517 2808 623 2871 lus
659 2808 847 2872 tertii
885 2806 1062 2871 caeli
1097 2806 1394 2889 despicit
1439 2808 1506 2870 in
1553 2807 1963 2871 societatem
2004 2810 2307 2885 secundi,
2347 2818 2419 2874 et
2464 2809 2764 2893 loquitur

516 2922 671 2967 cum
709 2903 939 2986 aliquo
985 2902 1098 2979 ibi,
1137 2900 1478 2966 clauditur
1514 2904 1761 2967 tertius
1804 2902 1948 2985 ejus
1994 2905 2292 2985 gradus;
2347 2926 2482 2988 quo
2525 2904 2763 2971 clauso

515 2999 799 3064 orbatur
854 3018 978 3065 sua
1028 2998 1388 3079 sapientia,
1437 3017 1596 3061 nam
1653 2999 1723 3062 in
1783 3000 1995 3063 tertio
2040 3000 2259 3081 gradu
2304 3000 2561 3065 residet
2614 2998 2760 3081 ejus

513 3094 870 3175 sapientia,
905 3105 978 3159 et
1014 3093 1203 3158 nulla
1240 3094 1304 3158 ei
1341 3103 1448 3157 est
1485 3094 1554 3158 in
1586 3096 1892 3159 secundo
1929 3105 2001 3159 et
2040 3095 2279 3176 primo.
2371 3094 2567 3159 Haec
2600 3104 2761 3159 sunt

511 3208 686 3272 quae
721 3187 1204 3270 intelliguntur
1241 3208 1362 3270 per
1393 3188 1670 3253 Domini
1709 3189 1919 3254 verba
1955 3190 2137 3272 apud
2172 3188 2601 3255 Matthaeum
2622 3212 2651 3253 .·

609 3326 640 3349 “
660 3324 764 3389 Qui
790 3324 845 3374 in
871 3322 1017 3374 tecto
1041 3334 1140 3384 est,
1167 3339 1236 3374 ne
1261 3325 1555 3374 descendat
1577 3324 1646 3374 ad
1669 3325 2042 3388 accipiendum
2068 3326 2213 3390 quod
2236 3334 2321 3375 est
2344 3326 2399 3375 in
2426 3327 2593 3376 domo
2616 3340 2718 3376 sua
2740 3344 2753 3377 :

771 3399 829 3441 et
855 3392 903 3441 is
932 3391 1024 3454 qui
1057 3393 1113 3441 in
1141 3405 1276 3453 agro
1309 3399 1408 3450 est,
1445 3406 1515 3440 ne
1543 3402 1843 3442 revertatur
1876 3401 2023 3441 retro
2048 3392 2119 3443 ad
2144 3392 2517 3456 accipiendum
2548 3400 2757 3441 vestem

769 3454 972 3508 suam”
995 3456 1159 3519 (xxiv.
1192 3468 1270 3516 17,
1297 3456 1395 3521 18).

509 3572 606 3637 Et
643 3572 826 3655 apud
862 3570 1112 3636 Lucam
1138 3593 1166 3635 .·

606 3686 640 3709 ‘⁸
661 3682 725 3734 In
755 3683 848 3733 illo
876 3684 965 3733 die
993 3684 1082 3747 qui
1115 3683 1172 3732 in
1202 3680 1348 3733 tecto
1377 3682 1552 3741 fuerit,
1575 3693 1632 3733 et
1665 3698 1801 3733 vasa
1820 3683 1943 3746 ejus
1970 3684 2025 3733 in
2056 3685 2236 3741 domo,
2266 3698 2335 3734 ne
2362 3684 2657 3735 descendat
2684 3684 2755 3735 ad

770 3749 1068 3799 tollendum
1095 3764 1189 3799 ea:
1227 3760 1283 3798 et
1342 3750 1395 3799 ui
1426 3750 1478 3797 in
1504 3764 1654 3812 agro,
1681 3764 1793 3799 non
1820 3759 2121 3800 revertatur
2142 3752 2211 3800 ad
2236 3759 2361 3813 post
2384 3765 2477 3799 se:
2516 3764 2759 3799 memen-

769 3824 882 3864 tote
906 3815 1093 3865 uxoris
1119 3814 1285 3864 Loti”
1305 3764 1456 3879 ἳινίἰ.
1483 3828 1561 3877 31,
1589 3814 1691 3879 32).

631 3944 838 4013 209.
900 3928 1058 3993 Non
1092 3931 1292 3995 datur
1323 3930 1618 3995 influxus
1655 3953 1695 3995 e
1734 3931 1946 3996 caelis
1983 3931 2405 3996 inferioribus
2442 3933 2511 3996 in
2550 3952 2752 4013 supe-

503 4026 738 4100 riores»,
761 4026 917 4108 quia
942 4025 1073 4090 hoc
1101 4035 1347 4091 contra
1365 4026 1673 4091 ordinem
1700 4038 1832 4104 est,
1856 4028 1978 4091 sed
2002 4050 2041 4091 e
2066 4028 2273 4091 caelis
2297 4028 2754 4109 superioribus

1315 4225 1394 4277 (ux
1418 4227 1962 4280 muman.)

614 4329 698 4396 (q)
750 4325 932 4400 Quod
972 4327 1234 4383 influxus
1269 4329 1349 4385 sit
1387 4329 1774 4385 immediatus
1808 4346 1847 4385 a
1886 4328 2169 4395 Domino,
2206 4340 2271 4387 et
2306 4330 2608 4388 medianas
2642 4348 2753 4404 per

503 4398 736 4453 caelum
768 4401 848 4468 (n.
873 4398 1034 4468 6063.
1057 4398 1094 4453 6
1129 4410 1217 4465 07,
1239 4399 1402 4466 6472,
1427 4400 1586 4469 9682,
1611 4400 1799 4485 9683).

671 4470 792 4525 uod
818 4470 1079 4525 influxus
1166 4470 1354 4525 omini
1381 4471 1767 4528 immediatus
1790 4471 1871 4527 sit
1896 4472 1957 4527 in
1982 4472 2254 4528 omnium
2278 4472 2753 4546 singulm-issima

509 4542 586 4607 (n.
691 4539 772 4609 58.
801 4540 1138 4607 6474-6478.
1159 4541 1318 4608 8717.
1349 4540 1534 4609 8728)-

611 4609 703 4667 De
731 4612 997 4667 mediato
1024 4611 1250 4667 influxu
1283 4611 1526 4669 Domini
1557 4629 1660 4685 per
1683 4614 1885 4671 melos
1912 4616 1994 4678 (n.
2018 4613 2178 4681 4067,
2203 4615 2361 4685 6982,
2386 4616 2545 4689 6985.
2564 4616 2729 4682 6996)
