3371 5304
576 604 701 675 272
1220 604 1323 655 DE
1368 602 1621 655 CAELO
1666 604 1762 653 ET
1809 602 2172 655 INFERNO.

574 772 765 838 duaa·
801 794 847 839 a
888 772 1145 855 spiritu
1195 772 1272 843 in
1328 772 1538 837 alium
1580 772 1788 838 locum
1801 796 1836 850 ,·
1895 792 2056 838 nam
2101 774 2264 838 dum
2311 782 2602 858 perstat,
2651 775 2819 841 nibli

575 868 945 935 reflestitur
967 890 1168 953 super
1192 863 1397 946 viam,
1418 880 1491 933 et
1522 867 1655 934 hoe
1687 871 1835 934 sive
1862 870 2044 935 foret
2068 870 2362 953 plurium
2387 871 2776 937 milliarium.
2799 894 2816 951 ;

574 985 700 1030 nec
745 963 1119 1029 refledstitur
1162 984 1365 1049 super
1408 974 1706 1047 tempus„
1747 966 1890 1029 sive
1933 965 2114 1029 foret
2161 964 2454 1047 piurium
2499 966 2816 1031 horarum

572 1068 694 1124 aut
736 1058 1041 1139 dierum3
1110 1078 1237 1123 nec
1280 1058 1603 1142 fatigatio
1656 1058 1798 1123 ulla
1843 1061 2218 1144 percipitur
2251 1080 2269 1139 ;
2332 1071 2500 1125 tunc
2547 1082 2816 1145 quoque

572 1155 843 1219 ducitur
877 1175 1001 1239 per
1032 1154 1182 1219 vias
1216 1174 1386 1237 quas
1420 1155 1567 1238 ipse
1604 1156 1903 1236 ignorat,
1941 1175 2155 1238 usque
2191 1156 2280 1220 ad
2319 1154 2547 1220 locum
2585 1156 2815 1239 desig·

572 1260 834 1326 natum,
876 1251 1140 1332 absque
1168 1268 1421 1314 errore.

694 1360 891 1428 442.
950 1342 1088 1406 Sed
1132 1344 1202 1407 hi
1258 1344 1398 1423 bini
1436 1353 1663 1408 status
1699 1343 2018 1421 hominis,
2057 1346 2174 1428 qui
2211 1354 2372 1410 sunt
2407 1355 2634 1411 status
2671 1345 2813 1427 ejus

568 1456 725 1501 cum
756 1447 865 1502 est
902 1438 971 1501 in
1001 1437 1437 1501 interioribus
1469 1438 1629 1514 suis»,
1652 1458 1774 1501 seu
1806 1439 1990 1521 quod
2021 1440 2228 1515 idem,
2263 1458 2417 1503 cum
2449 1440 2516 1503 in
2549 1440 2811 1523 spiritu,

568 1541 730 1596 sunt
775 1532 1301 1597 extraordinarii
1348 1534 1611 1597 ostensi
1662 1534 1829 1597 mihi
1875 1533 2100 1599 solum
2147 1535 2238 1598 ob
2281 1532 2510 1611 finem,
2557 1546 2634 1599 ut
2679 1536 2810 1599 sei·

567 1647 711 1691 rem
750 1628 987 1713 quales
1024 1637 1207 1702 sunt,
1247 1629 1405 1710 quia
1440 1629 1623 1692 intra
1658 1629 2023 1693 ecclesiam
2063 1631 2210 1693 noti
2246 1640 2408 1693 sunt
2441 1650 2458 1707 ;
2519 1639 2592 1694 at
2627 1629 2810 1713 loqui

568 1741 723 1786 cum
760 1723 1132 1804 spiritibus,
1172 1732 1245 1786 et
1283 1742 1437 1787 esse
1479 1742 1635 1787 cum
1674 1723 1808 1787 illis
1845 1726 2024 1788 sicut
2063 1742 2236 1787 unus
2273 1744 2530 1800 eorum,
2570 1725 2808 1789 datum

564 1826 677 1881 est
724 1818 888 1881 mihi
932 1818 1143 1882 etiam
1186 1818 1257 1881 in
1304 1818 1491 1881 omni
1534 1818 1771 1901 vigilia
1815 1820 2148 1901 corporiS,
2195 1830 2270 1883 et
2333 1820 2402 1883 id
2463 1840 2644 1884 nune
2691 1839 2808 1902 pet

564 1912 820 1976 multos
856 1934 1098 1978 annos„
2307 1922 2316 1935 ’

698 2025 901 2094 443.
964 2008 1166 2090 Quod
1224 2008 1435 2072 homo
1493 2009 1720 2091 quoad
1777 2010 2104 2073 interiora
2168 2028 2294 2074 sua
2355 2010 2450 2073 sit
2509 2010 2807 2092 spiritus,

564 2103 857 2185 amplius
890 2102 1273 2167 confirmari
1303 2112 1539 2185 potest
1578 2123 1671 2167 ex
1707 2103 1866 2179 illis,
1900 2124 2076 2187 quae
2107 2122 2314 2185 supra
2347 2105 2443 2188 (n.
2479 2106 2803 2185 311—317)

565 2194 752 2260 &aa
788 2206 861 2262 et
906 2208 1191 2262 ostensa
1226 2206 1408 2272 sunt,
1450 2198 1563 2261 ubi
1608 2194 1838 2261 adium
1885 2208 1991 2263 est
2039 2199 2126 2261 de
2172 2219 2279 2276 ec,
2319 2201 2502 2289 quod
2541 2199 2806 2264 caelum

564 2300 638 2355 et
668 2292 1004 2357 infernum
1040 2294 1180 2357 sint
1217 2313 1308 2355 ex
1346 2292 1648 2355 humano
1680 2312 1953 2375 genere.

689 2400 896 2470 444.
956 2386 1161 2469 Quod
1198 2388 1409 2452 homo
1446 2388 1535 2451 sit
1570 2388 1852 2469 spiritus
1887 2389 2116 2471 quoad
2152 2388 2482 2453 interiora
2517 2410 2662 2466 sua,
2701 2390 2804 2453 in-

564 2481 901 2564 telligitur
944 2484 1169 2565 quoad
1214 2482 1335 2545 illa
1380 2503 1552 2564 quae
1591 2492 1754 2547 sunt
1798 2484 2244 2565 cogitationis
2289 2494 2363 2549 et
2421 2485 2802 2551 voluntatis

562 2576 724 2659 ejus,
752 2578 1074 2660 quoniam
1106 2577 1235 2641 hae
1267 2587 1428 2641 sunt
1458 2578 1608 2662 ipsa
1628 2577 1980 2654 interiora,
2010 2599 2183 2661 quae
2205 2579 2464 2643 faciunt
2487 2590 2564 2645 ut
2592 2580 2802 2645 homo

560 2673 653 2737 sit
684 2670 915 2749 home,
956 2692 1036 2738 ac
1076 2673 1237 2738 talis
1272 2672 1503 2749 homo,
1542 2673 1762 2756 qualis
1792 2674 2022 2756 quoad
2057 2674 2176 2738 illa
2211 2684 2339 2738 est.

1510 3153 1835 3240 [XLVI]

556 3347 671 3414 DE
722 3346 1066 3412 Homms
1114 3347 1786 3412 Resuscffmiomz
1833 3361 1884 3413 A
1931 3348 2312 3425 Mon-ruis,
2363 3365 2460 3414 Ac
2508 3349 2790 3414 Inmo-

1142 3457 1272 3508 rru
1318 3457 1402 3506 IN
1448 3442 1717 3507 VrrAM
1755 3457 2204 3508 AETERNAM.

720 3641 923 3711 445.
985 3627 1284 3710 Quando
1321 3648 1569 3710 corpus
1606 3647 1746 3692 non
1793 3628 2086 3711 amplius
2125 3638 2363 3711 potest
2398 3629 2588 3694 obire
2633 3650 2790 3694 suas

550 3720 933 3786 funEUOnes
971 3725 1038 3786 in
1074 3723 1367 3788 naturali
1400 3722 1657 3788 mundo
1690 3726 2309 3807 correspondentes
2341 3725 2788 3807 cogitationi-

550 3819 673 3880 bus
710 3826 783 3880 et
823 3815 1291 3882 affestionibus
1328 3819 1429 3882 sui
1466 3819 1766 3901 spirituS‚
1806 3840 1982 3903 quae
2017 3829 2180 3883 sunt
2217 3822 2280 3884 ei
2325 3840 2416 3883 ex
2453 3820 2786 3902 spirituali

550 3913 828 3985 mund0,
870 3921 1035 3976 tunc
1073 3913 1323 3976 dicitur
1364 3913 1576 3976 homo
1622 3915 1813 3978 mori.
1907 3913 2060 3978 Hoc
2107 3913 2183 3978 fit
2221 3933 2374 3978 eum
2411 3925 2641 3978 motus
2678 3935 2784 3979 re-

548 4009 886 4090 spiratorii
915 4007 1312 4091 pulmonum
1338 4029 1417 4073 ac
1444 4010 1757 4090 systolici
1783 4010 2009 4073 cordis
2029 4019 2331 4074 cessant.
2411 4007 2548 4074 Sed
2573 4031 2784 4096 usque

552 4125 688 4168 non
720 4105 1000 4167 moritur
1032 4103 1261 4180 homo,
1288 4104 1409 4168 sed
1443 4106 1650 4168 modo
1675 4114 2027 4188 separatur
2055 4125 2098 4168 a
2129 4123 2479 4186 corporeo,
2506 4107 2690 4188 quod
2721 4107 2783 4170 ei

547 4198 670 4262 suit
710 4200 854 4261 usui
894 4199 959 4262 in
1006 4200 1267 4263 mundo
1299 4220 1315 4278 ;
1364 4200 1509 4282 ipse
1546 4201 1730 4264 enim
1767 4200 1978 4264 homo
2015 4201 2204 4264 vivit.
2297 4201 2565 4264 Dicitur
2599 4203 2783 4284 quod

544 4292 692 4372 ipse
720 4291 932 4355 homo
962 4293 1173 4368 vivat,
1207 4294 1365 4377 quia
1395 4293 1607 4356 homo
1637 4313 1776 4357 non
1808 4303 1913 4358 est
1951 4295 2162 4358 homo
2197 4315 2290 4358 ex
2327 4313 2634 4376 corpore,
2657 4295 2781 4360 sed

544 4407 633 4450 ex
672 4387 913 4470 spiritu
942 4409 957 4465 3
1006 4389 1324 4471 quoniam
1358 4389 1633 4470 spiritus
1671 4390 1738 4453 in
1774 4389 2048 4454 homine
2079 4391 2374 4472 cogitat.
2405 4400 2478 4454 et
2515 4391 2780 4473 cogita-

546 4483 642 4546 tio
682 4501 833 4545 cum
860 4480 1219 4548 affefi'tione
1238 4484 1402 4548 facit
1426 4484 1799 4548 hominem.
1893 4484 2063 4548 Inde
2087 4495 2308 4566 patet,
2332 4486 2512 4568 quod
2547 4485 2777 4556 homo.

542 4595 694 4639 cum
742 4579 1050 4648 moritur.
1090 4579 1300 4643 modo
1346 4590 1655 4644 transeat
1704 4581 1792 4644 ab
1839 4599 1974 4644 uno
2019 4581 2278 4644 mundo
2335 4582 2402 4644 in
2461 4581 2776 4646 alterum.
