3371 5304
864 639 964 689 DE
1014 638 1392 690 mvrrmus
1438 638 1534 689 ET
1580 637 2046 693 PAUPERIBUS
2091 638 2176 690 IN
2219 637 2491 690 CAELO.
2673 638 2796 709 225

549 810 889 888 descunt3
951 810 1305 893 spirituale
1350 811 1533 875 e'nim
1579 810 1649 873 in
1695 810 1952 874 divitiis
1997 818 2071 876 et
2116 828 2350 874 earum
2396 808 2648 885 usibus,
2689 819 2798 873 est

550 907 731 971 sicut
761 907 993 971 anima
1024 908 1091 969 in
1122 924 1448 988 corpore‚·
1467 916 1539 969 et
1570 907 1748 969 sicut
1781 905 1902 969 lux
1935 905 2108 969 caeli
2142 907 2208 968 in
2239 905 2523 969 humida
2543 906 2754 969 humo
2784 928 2798 982 ;

550 1012 623 1065 et
658 1022 928 1085 quoque
966 1010 1373 1082 putrescunt
1410 1002 1593 1064 sicut
1630 1020 1880 1085 corpus
1917 1001 2178 1082 absque
2217 1001 2468 1074 anima,
2509 1010 2579 1064 et
2620 1002 2798 1063 sicut

550 1096 1112 1173 humida,humus
1148 1096 1409 1179 absque
1446 1095 1599 1161 luce
1638 1095 1834 1161 caeli.
1925 1094 2019 1159 Hi
2055 1105 2220 1161 sunt
2257 1094 2484 1179 t”quos
2517 1095 2798 1161 divitiae

550 1193 1002 1266 seduxerunt,
1042 1200 1115 1255 et
1152 1212 1191 1255 e
1228 1190 1426 1255 caelo
1463 1191 1944 1255 detraxerunt.

675 1288 885 1370 363·
961 1285 1512 1369 Unumquemvis
1572 1286 1926 1350 hominem
1981 1294 2218 1350 manet
2281 1296 2440 1367 post
2501 1295 2794 1349 mortem

548 1380 691 1462 ejus
726 1378 997 1445 affectio
1040 1402 1161 1445 seu
1207 1394 1401 1445 amor
1430 1382 1835 1458 dominans;
1901 1380 2018 1444 ille
2065 1401 2206 1444 non
2251 1383 2684 1464 exstirpatur
2728 1382 2794 1443 in

546 1484 905 1539 aeternum
932 1496 947 1553 ;
994 1476 1318 1559 quoniam
1350 1476 1647 1541 hominis
1678 1477 1958 1557 spiritus
1984 1495 2260 1558 prorsus
2296 1486 2406 1541 est
2443 1477 2622 1540 sicut
2654 1476 2795 1556 ejus

546 1589 759 1643 amor.
807 1582 881 1635 et
939 1571 1125 1653 quod
1182 1589 1507 1635 arcanum
1566 1581 1698 1646 est,
1753 1568 2050 1652 cujusvis
2095 1572 2370 1653 spiritus
2424 1581 2498 1635 et
2563 1572 2794 1653 angeli

544 1684 789 1746 corpus
836 1676 944 1730 est
990 1664 1135 1748 ejus
1176 1668 1429 1729 amoris
1475 1666 1694 1731 forma
1738 1677 2034 1732 externa
2072 1686 2346 1749 prorsus
2382 1686 2792 1749 correspon-

545 1761 719 1825 dens
751 1761 1009 1825 formae
1045 1762 1358 1826 internae
1398 1782 1573 1845 quae
1611 1771 1719 1825 est
1751 1760 1893 1843 ejus
1925 1763 2131 1825 animi
2169 1773 2240 1826 et
2279 1764 2569 1828 mentis:
2634 1763 2792 1826 inde

542 1864 651 1919 est
689 1858 873 1937 quod
904 1857 1185 1937 spiritus
1217 1867 1594 1922 noscantur
1624 1855 1864 1939 quales
1895 1866 2058 1921 sunt
2089 1877 2180 1920 ex
2218 1857 2412 1933 facie,
2449 1878 2540 1921 ex
2574 1860 2790 1940 gesti-

542 1950 689 2027 bus,
712 1960 785 2016 et
808 1972 901 2015 ex
926 1951 1202 2034 loquela
1227 1972 1244 2030 ;
1290 1962 1363 2015 et
1391 1972 1660 2035 quoque
1682 1963 2086 2017 nosceretur
2109 1952 2320 2017 homo
2345 1954 2572 2035 quoad
2597 1954 2792 2035 spiri·

546 2056 691 2113 tum
716 2066 910 2111 suum
935 2048 1097 2111 dum
1122 2048 1291 2112 vivit
1318 2048 1385 2111 in
1413 2048 1694 2123 mundo,
1717 2049 1774 2112 si
1799 2066 1937 2111 non
1963 2048 2320 2112 didicisset
2345 2048 2538 2123 facie,
2562 2060 2788 2132 gestu,

542 2154 615 2208 et
660 2142 937 2227 loquela
982 2145 1255 2208 mentiri
1300 2164 1439 2208 non
1485 2165 1628 2210 sua.
1705 2144 1890 2208 Inde
1934 2153 2260 2208 constare
2307 2154 2567 2226 potest,
2605 2146 2790 2228 quod

541 2239 753 2303 homo
811 2240 878 2302 in
938 2248 1297 2303 aeternum
1334 2249 1643 2315 maneat,
1692 2239 1915 2323 qualis
1972 2249 2083 2303 est
2143 2236 2289 2317 ejus
2341 2237 2612 2305 affectio
2670 2261 2790 2305 seu

542 2355 735 2399 amor
772 2335 1325 2417 praedominans.
1382 2333 1639 2418 ,Loqui
1676 2335 1916 2399 datum
1949 2344 2057 2399 est
2095 2352 2250 2398 cum
2284 2334 2644 2417 aliquibus„
2678 2337 2790 2418 qui

540 2432 863 2494 vixerunt
896 2440 1062 2493 ante
1094 2430 1571 2513 septendecim
1604 2429 1904 2506 saecula,
1938 2450 2226 2513 quorum
2264 2430 2409 2493 vita
2445 2450 2536 2493 ex
2577 2431 2790 2513 scrip·

540 2518 631 2590 t'is
675 2546 761 2589 eo
799 2536 1114 2607 tempore
1152 2536 1323 2590 nota
1368 2534 1501 2599 est,
1542 2536 1616 2588 et
1662 2534 2088 2608 compertum
2127 2524 2310 2608 quod
2347 2525 2573 2589 adhuc
2613 2523 2787 2589 serat

538 2620 697 2686 illos
734 2640 927 2687 amor
956 2641 1115 2686 suus
1154 2623 1265 2706 qui
1304 2632 1468 2686 tunc
1508 2620 1655 2686 fuit.
1747 2619 1922 2686 Inde
1959 2639 2229 2705 quoque
2268 2630 2590 2686 constare
2627 2629 2786 2704 pot·

539 2727 667 2792 est,
705 2718 889 2801 quod
934 2734 1129 2781 amor
1172 2718 1565 2781 divitiarum
1624 2734 1705 2781 ac
1753 2736 1995 2780 usuum
2053 2737 2146 2780 ex
2203 2717 2460 2781 divitiis
2505 2727 2786 2781 maneat

542 2813 1060 2896 unumquemvis
1091 2813 1159 2876 in
1190 2823 1571 2888 aeternum,
1605 2820 1677 2875 et
1721 2831 1996 2895 prorsus
2029 2811 2190 2877 talis
2223 2813 2312 2876 sit
2346 2811 2566 2896 qualis
2598 2830 2786 2875 com-

540 2917 817 2990 paratus
876 2917 987 2972 est
1047 2909 1115 2970 in
1171 2908 1468 2985 mundo;
1530 2927 1688 2972 cum
1735 2928 1818 2972 ea
1864 2917 2102 2972 tamen
2147 2907 2554 2983 differentia,
2602 2908 2786 2991 quod

540 3004 823 3068 divitiae
869 3003 1051 3086 apud
1098 3003 1255 3067 illos
1299 3003 1542 3085 quibus
1586 3004 2090 3068 inserviverant
2139 3023 2262 3086 pro
2307 3004 2507 3067 bonis
2555 3003 2786 3068 usibus

538 3108 901 3163 vertantur
935 3099 1003 3161 in
1036 3097 1509 3181 jucunditates
1547 3099 1926 3163 secundum
1965 3118 2147 3175 usus,
2181 3108 2253 3162 et
2289 3097 2472 3181 quod
2504 3098 2786 3162 divitiae

538 3193 719 3275 apud
756 3193 914 3258 illos
950 3193 1193 3277 quibus
1228 3195 1732 3258 inserviverant
1765 3213 1891 3276 pro
1927 3194 2129 3257 malis
2165 3195 2397 3258 usibus
2433 3201 2787 3258 vertantur

538 3290 605 3353 in
652 3292 916 3362 sorde5‚
965 3289 1207 3370 quibus
1252 3290 1464 3352 etiam
1509 3299 1675 3352 tunc
1723 3285 2160 3353 delectantur
2204 3289 2523 3353 similiter
2579 3298 2656 3353 ut
2714 3291 2784 3352 in

539 3385 795 3449 mundo
831 3384 1092 3447 divitiis
1133 3393 1413 3466 propter
1452 3384 1673 3448 malos
1711 3403 1890 3446 usus.
1980 3381 2188 3464 Quod
2227 3394 2390 3447 tunc
2429 3382 2782 3448 delecten-

536 3489 649 3544 tur
684 3479 1019 3554 sordibuS,
1058 3489 1169 3542 est
1215 3480 1376 3561 quia
1418 3499 1708 3562 spurcae
1746 3479 2150 3562 voluptates
2186 3489 2260 3544 et
2297 3478 2582 3562 flagitia,
2609 3499 2784 3562 quae

538 3574 811 3638 fuerunt
858 3593 1015 3637 usus
1060 3593 1152 3636 ex
1198 3572 1355 3650 illis,
1406 3584 1477 3637 et
1537 3594 1810 3657 quoque
1855 3575 2168 3648 avaritia,
2216 3594 2390 3658 quae
2435 3584 2547 3638 est
2591 3594 2784 3638 amor

535 3668 923 3734 divitiarum
945 3669 1203 3750 absque
1229 3689 1372 3744 usu,
1396 3670 1712 3733 sordibus
1743 3671 2286 3752 correspondent
2311 3689 2326 3747 ;
2375 3669 2614 3733 sordes
2645 3669 2782 3751 spi·

535 3763 821 3827 rituales
859 3783 997 3827 non
1034 3762 1212 3828 aliae
1250 3773 1432 3827 sunt.
2645 3831 2648 3834 ,

660 3858 867 3942 364.
932 3859 1273 3942 Pauperes
1320 3879 1459 3923 non
1522 3860 1591 3923 in
1652 3859 1920 3924 caelum
1967 3869 2253 3943 propter
2297 3869 2780 3944 paupertatem

534 3955 841 4028 veniunt,
868 3955 989 4018 sed
1024 3964 1301 4038 propter
1322 3956 1560 4018 vitam.
1648 3955 2196 4040 Unumquemvis
2220 3955 2366 4019 vita
2390 3955 2532 4037 ejus
2555 3957 2779 4039 sequi-

535 4057 667 4123 tur,
702 4049 845 4112 sive
876 4050 1071 4113 dives
1106 4051 1197 4112 sit
1236 4049 1380 4113 sive
1413 4069 1690 4133 pauper.
1779 4049 1938 4113 Non
1977 4061 2088 4114 est
2125 4050 2485 4133 peculiaris
2517 4052 2778 4115 miseri-

534 4145 769 4210 cordia
826 4165 951 4228 pro
1008 4164 1147 4209 uno
1192 4147 1415 4228 magis
1458 4165 1663 4228 quam
1703 4165 1828 4228 pro
1881 4144 2106 4210 altero
2133 4142 2233 4225 ;(⁸')
2299 4147 2623 4228 recipitur
2666 4145 2780 4228 qui

1314 4374 1414 4427 [(ικ
1439 4383 1634 4416 aucam
1657 4373 2000 4426 eamn

643 4478 759 4602 (q)
798 4475 993 4562 9⁰9⁶.
1013 4475 1417 4533 misericordia
1442 4475 1794 4532 immediata
1818 4492 1940 4532 non
1981 4478 2176 4562 detur,
2199 4475 2310 4532 sed
2349 4475 2778 4562 mediata-hoc

536 4557 629 4604 est
664 4565 681 4604 ι
708 4549 781 4604 hs
803 4565 907 4619 qui
936 4557 1151 4603 vivunt
1173 4549 1504 4604 secundum
1530 4558 1850 4619 praecepta
1874 4547 2140 4611 Dom1m‚
2160 4563 2314 4619 quos
2341 4563 2415 4604 ex
2447 4563 2778 4602 misericor·

538 4619 639 4674 dia
660 4620 829 4676 ducit
851 4619 1137 4675 continue
1167 4620 1225 4674 in
1254 4621 1495 4680 mundo,
1513 4635 1583 4674 ac
1609 4630 1822 4688 postea
1846 4619 1906 4674 in
1931 4627 2244 4674 aeternum
2273 4621 2355 4680 (n.
2381 4617 2538 4684 8700.
2563 4617 2776 4689 10659).
