3371 5304
511 643 602 702 44
1175 632 1279 685 m:
1325 631 1583 683 CAELo
1629 632 1729 682 ET
1774 629 2142 682 mammo.

517 815 808 872 averunt
845 804 1097 890 plures,
1138 805 1250 888 qui
1289 813 1635 869 noverunt
1667 801 1945 868 mentiri
1983 803 2153 868 lucis
2185 801 2523 886 angelos3
2571 813 2774 868 erant

515 903 939 984 hypocritae.
1051 899 1224 965 Cum
1284 900 1352 963 hi
1408 908 1898 983 separarentur
1939 899 2029 964 ab
2072 899 2362 981 angelis,
2404 898 2552 963 vidi
2587 899 2775 982 quod

516 999 793 1082 integra
831 997 1130 1062 societas
1166 997 1460 1079 primum
1498 1002 1864 1079 appareret
1910 995 2084 1059 sicut
2130 1014 2338 1058 unum
2384 994 2771 1070 obscurum,

518 1094 677 1157 dein
725 1113 848 1176 per
883 1092 1138 1174 gradus
1184 1091 1252 1154 in
1298 1091 1518 1154 sorma
1553 1091 1855 1154 humana
1891 1091 2104 1154 etiam
2144 1089 2455 1165 obscure,
2496 1099 2568 1153 et
2616 1099 2773 1154 tan·

517 1188 677 1251 dem
709 1188 776 1249 in
812 1185 964 1251 luce
997 1187 1172 1249 sicut
1204 1185 1434 1249 homo.
1528 1184 1638 1249 Illi
1670 1186 1784 1268 qui
1814 1185 1884 1248 in
1916 1183 2195 1248 homine
2226 1193 2443 1259 erant,
2478 1195 2549 1247 et
2583 1202 2772 1247 com-

517 1283 875 1366 ponebant
908 1281 1124 1356 illum,
1159 1281 1431 1345 fuerunt
1464 1281 1577 1363 qui
1611 1281 1680 1343 in
1715 1280 1900 1344 bono
1931 1279 2112 1342 illius
2144 1279 2504 1344 societatis
2537 1289 2733 1343 erant
2760 1301 2775 1356 ;

517 1377 733 1442 ceteri
780 1378 894 1460 qui
944 1397 1080 1440 non
1127 1377 1196 1440 in
1258 1397 1342 1439 eo
1388 1376 1667 1439 homine
1706 1385 1925 1449 erant,
1966 1385 2037 1438 et
2084 1393 2222 1438 non
2262 1373 2775 1457 componebant

519 1472 734 1548 illum,
783 1481 980 1535 erant
1023 1471 1474 1554 hypocritae:
1537 1470 1607 1533 hi
1653 1468 1888 1551 rejecti
1933 1481 2116 1546 sunt,
2165 1457 2264 1533 ilfi
2312 1470 2621 1550 detenti;
2679 1470 2779 1533 ita

519 1567 730 1631 fiebat
764 1568 1128 1650 separatio.
1226 1565 1657 1648 Hypocritae
1690 1575 1874 1640 sunt,
1910 1566 2023 1648 qui
2061 1563 2432 1647 loquuntur
2468 1564 2669 1638 bene,
2704 1573 2778 1628 et

525 1682 796 1745 quoque
832 1662 1092 1725 faciunt
1127 1661 1326 1736 bene,
1369 1661 1491 1724 sed
1531 1657 1851 1743 spectant
1891 1680 1965 1724 se
2004 1660 2070 1722 in
2110 1659 2435 1741 singulis:
2487 1659 2777 1743 loquun-

523 1767 638 1822 tur
673 1759 852 1821 sicut
899 1755 1132 1838 angeli
1180 1756 1266 1818 de
1312 1756 1638 1830 Domin0,
1679 1754 1769 1818 de
1814 1753 2033 1830 cae10,
2074 1755 2161 1818 de
2206 1773 2461 1831 amore,
2503 1755 2590 1818 de
2635 1755 2780 1818 vita

520 1852 844 1930 caelesti3
895 1861 966 1916 et
1004 1871 1274 1934 quoque
1312 1851 1571 1914 faciunt
1610 1850 1811 1926 bene,
1853 1857 1927 1913 ut
1961 1859 2341 1931 appareant
2379 1851 2563 1932 quod
2604 1849 2781 1913 tales

523 1949 660 2012 sint
708 1949 888 2011 sicut
935 1947 1343 2030 loquuntur:
1415 1945 1538 2009 sed
1601 1947 1922 2028 cogitant
1969 1947 2192 2020 aliter,
2243 1945 2411 2008 nihil
2461 1945 2778 2020 credunt,

523 2061 652 2106 nec
690 2042 938 2106 volunt
970 2040 1172 2106 alicui
1207 2040 1464 2104 bonurn
1499 2060 1704 2123 quarn
1738 2039 1905 2119 sibi;
1954 2040 2139 2122 quod
2175 2039 2640 2113 benefaciant,
2674 2048 2781 2101 est

519 2148 804 2220 propter
829 2157 901 2200 se
931 2157 947 2215 ;
996 2137 1051 2200 si
1084 2146 1368 2218 propter
1390 2134 1587 2212 alioS,
1615 2145 1724 2200 est
1759 2145 1833 2200 ut
1857 2135 2241 2211 videantur,
2274 2145 2345 2200 et
2377 2135 2473 2199 sic
2508 2155 2778 2219 quoque

523 2242 808 2316 propter
845 2251 940 2295 se.

651 2327 805 2407 69.
865 2325 1070 2409 Quod
1111 2327 1386 2407 integra
1417 2328 1718 2391 societas
1751 2326 2087 2408 angelica,
2122 2345 2277 2390 cum
2318 2325 2653 2390 Dominus
2690 2323 2781 2390 Se

524 2432 966 2505 praesentem
1021 2421 1230 2496 sistit,
1280 2433 1612 2505 appareat
1673 2431 1749 2486 ut
1809 2441 2016 2486 unum
2078 2423 2145 2484 in
2201 2421 2419 2485 forma
2455 2421 2777 2498 humana,

523 2519 734 2581 etiam
764 2518 1003 2582 datum
1041 2527 1151 2581 est
1191 2518 1443 2586 videre.
1535 2517 1948 2601 Apparebat
1986 2518 2053 2580 in
2092 2516 2239 2580 alto
2276 2537 2513 2580 versus
2552 2528 2780 2581 ortum

523 2614 702 2678 sicut
735 2613 952 2677 nubes
983 2633 1023 2676 a
1055 2613 1356 2677 candido
1387 2613 1761 2677 rubescens
1795 2631 1949 2677 cum
1982 2611 2282 2677 stellulis
2314 2614 2780 2690 circumcirca,

523 2732 700 2794 quae
732 2711 1202 2774 descendebat
1228 2731 1244 2789 3
1293 2709 1410 2773 illa
1445 2732 1566 2793 per
1597 2711 1853 2793 gradus
1879 2711 2055 2774 sicut
2083 2711 2467 2786 descendit,
2498 2709 2784 2775 lucidior

523 2804 706 2870 facta
743 2815 874 2881 est,
909 2815 981 2870 et
1021 2806 1305 2869 tandem
1345 2807 1492 2868 visa
1529 2805 1598 2868 in
1635 2806 1855 2870 forma
1886 2804 2183 2889 perfecte
2218 2806 2559 2869 humana:
2610 2805 2779 2871 stel-

527 2900 706 2965 lulae
743 2901 1184 2964 circumcirca
1219 2901 1472 2965 nubem
1506 2911 1704 2966 erant
1744 2902 1997 2985 angeli,
2032 2904 2145 2985 qui
2184 2902 2283 2966 ita
2320 2910 2783 2985 apparuerunt

524 3016 566 3059 a
603 2996 754 3059 luce
794 3016 885 3059 ex
925 2996 1252 3060 Domino.

653 3101 799 3171 70.
859 3089 1229 3154 Sciendum
1290 3100 1424 3166 est,
1466 3092 1649 3174 quod
1708 3092 1991 3156 tametsi
2050 3111 2292 3156 omnes
2350 3092 2462 3175 qui
2520 3092 2590 3155 in
2649 3112 2785 3155 una

527 3187 870 3250 societate
919 3186 1093 3249 caeli
1139 3197 1322 3264 sunt,
1372 3187 1650 3269 quando
1698 3187 1901 3251 simul
1948 3197 2024 3252 ut
2071 3208 2280 3252 unum
2328 3196 2668 3271 apparent
2711 3186 2780 3250 in

527 3281 969 3347 similitudine
1015 3282 1333 3358 hominis,
1383 3303 1597 3365 usque
1644 3302 1784 3347 non
1844 3303 1979 3348 una
2036 3286 2337 3349 societas
2397 3287 2486 3348 sit
2544 3282 2783 3347 similis

526 3379 738 3442 homo
777 3379 954 3442 sicut
994 3377 1256 3457 altera;
1305 3379 1822 3461 distinguuntur
1856 3380 2042 3444 inter
2078 3401 2153 3444 se
2192 3380 2371 3445 sicut
2406 3380 2617 3444 facies
2654 3379 2782 3443 hu-

527 3494 772 3537 manae
811 3494 902 3537 ex
941 3494 1074 3537 una
1112 3476 1367 3557 stirpe3
1436 3496 1527 3539 ex
1587 3475 1791 3538 simili
1851 3495 2077 3553 causa,
2126 3477 2213 3539 de
2266 3496 2400 3559 qua
2444 3475 2626 3559 prius
2682 3473 2780 3557 (n.

525 3568 666 3652 47),
716 3570 898 3652 quod
947 3589 1197 3651 nempe
1242 3570 1592 3634 varientur
1637 3572 2011 3635 secundum
2060 3572 2435 3636 varietates
2480 3570 2664 3647 boni,
2713 3570 2781 3634 in

528 3686 663 3748 quo
703 3675 885 3739 sunt,
935 3675 1006 3728 et
1053 3665 1236 3747 quod
1271 3664 1522 3729 format
1570 3665 1749 3729 illos.
1842 3666 1921 3730 In
1972 3665 2466 3749 perfectissima
2510 3674 2582 3729 et
2628 3664 2779 3748 pul·

529 3760 869 3824 cherrima
893 3758 1110 3823 forma
1141 3760 1441 3824 humana
1466 3770 1805 3845 apparent
1830 3764 2207 3826 societates
2232 3782 2405 3845 quae
2436 3763 2505 3825 in
2535 3762 2782 3825 intimo

529 3875 650 3919 seu
687 3874 1009 3937 supremo
1047 3855 1244 3919 caelo
1281 3866 1465 3930 sunt,
1508 3868 1580 3920 et
1617 3857 1709 3920 ibi
1748 3858 1816 3921 in
1857 3858 2105 3922 medio.

653 3960 784 4031 71.
845 3948 1241 4013 Memoratu
1289 3952 1576 4032 dignum
1625 3961 1757 4027 est,
1806 3953 1987 4034 quod
2036 3973 2172 4035 quo
2232 3950 2460 4035 plures
2519 3951 2586 4015 in
2648 3970 2783 4014 una

529 4046 870 4109 societate
918 4045 1092 4108 caeli
1140 4054 1325 4120 sunt,
1380 4056 1454 4111 et
1513 4045 1611 4109 illi
1671 4066 1879 4111 unum
1940 4057 2181 4129 agunt,
2223 4066 2308 4112 eo
2366 4045 2509 4127 ejus
2566 4046 2784 4110 forma

528 4140 830 4204 humana
863 4138 1226 4223 perfectior
1262 4142 1394 4218 sit;
1445 4160 1604 4205 nam
1637 4144 1937 4207 varietas
1976 4144 2043 4205 in
2081 4143 2368 4206 formam
2404 4140 2780 4205 caelestem

530 4237 869 4317 disposita
892 4236 1058 4301 facit
1092 4235 1602 4319 perfectionem,
1633 4249 1707 4301 ut
1741 4239 1923 4320 prius
1960 4237 2055 4321 (n.
2096 4236 2203 4322 56)
2239 4247 2595 4301 ostensum
2628 4245 2782 4314 est;

531 4342 603 4395 et
649 4333 948 4395 varietas
987 4332 1193 4395 datur
1239 4333 1350 4396 ubi
1397 4333 1646 4416 plures.
1738 4332 1984 4398 Omnis
2023 4335 2233 4398 etiam
2271 4334 2569 4397 societas
2606 4332 2783 4397 caeli

532 4427 780 4491 crescit
819 4445 1105 4490 numero
1141 4428 1402 4508 indies;
1458 4438 1531 4492 et
1577 4430 1753 4493 sicut
1791 4430 2057 4501 crescit.
2100 4426 2465 4512 perfectior
2508 4427 2629 4493 fit:
2684 4428 2780 4492 sic

534 4542 672 4586 non
717 4523 928 4587 modo
975 4524 1277 4587 societas
1324 4524 1692 4604 perficitur,
1732 4526 1856 4589 sed
1902 4526 2112 4589 etiam
2161 4525 2428 4589 caelum
2473 4524 2541 4589 in
2588 4542 2781 4589 com·

535 4618 743 4695 muni,
781 4620 941 4703 quia
977 4620 1358 4685 societates
1395 4622 1831 4685 constituunt
1862 4620 2149 4685 caelum.
2241 4618 2586 4704 Quoniam
2626 4639 2784 4685 cae-
