3371 5304
963 666 1063 717 DE
1108 666 1402 719 GAUDIO
1448 666 1544 718 ET
1590 666 2046 718 FELICITATE
2089 667 2478 719 CAELESTI.
2741 670 2863 739 247

630 838 1043 922 proximum,
1082 837 1241 903 inde
1287 859 1557 923 quoque
1604 851 1766 905 sunt
1811 838 2205 907 affectiones
2251 842 2414 908 boni
2459 853 2533 910 et
2576 844 2738 920 veri,
2787 859 2866 910 ac

628 934 1019 999 faustitates
1056 935 1433 999 interiores.
1526 934 1619 999 Hi
1658 956 1926 1000 amores
1966 956 2118 1001 cum
2156 938 2294 1002 suis
2326 939 2638 1020 jucundis
2674 940 2868 1005 influ-

630 1040 753 1094 unt
793 1051 833 1093 a
872 1028 1172 1094 Domino
1210 1041 1281 1095 et
1328 1052 1365 1094 e
1413 1030 1607 1095 caelo
1645 1051 1766 1113 per
1811 1032 1992 1097 viam
2039 1034 2404 1111 internam,
2453 1056 2626 1118 quae
2673 1046 2782 1099 est
2830 1058 2871 1099 a

626 1126 975 1207 superiori,
1002 1134 1073 1188 et
1104 1124 1406 1189 afficiunt
1434 1126 1760 1190 interiora
1787 1147 1803 1205 3
1850 1126 1948 1190 illi
1979 1138 2212 1191 autem
2243 1148 2512 1194 amores
2545 1150 2696 1195 cum
2733 1132 2868 1195 suis

624 1218 933 1303 jucundis
967 1220 1249 1283 influunt
1280 1242 1370 1283 ex
1403 1239 1606 1285 carne
1639 1231 1712 1286 et
1748 1242 1787 1285 e
1826 1223 2084 1287 mundo
2115 1244 2234 1307 per
2263 1224 2447 1288 viam
2478 1235 2863 1301 externam,

627 1335 798 1398 quae
831 1324 938 1380 est
970 1316 1060 1379 ab
1091 1314 1424 1390 inferiore,
1452 1323 1523 1379 et
1554 1314 1858 1381 afficiunt
1884 1319 2254 1383 exteriora.
2347 1317 2701 1401 Quantum
2733 1322 2864 1385 ita·

626 1430 756 1493 que
794 1412 1209 1492 recipiuntur
1243 1411 1383 1474 bini
1432 1409 1531 1473 illi
1576 1429 1848 1475 amores
1886 1412 2062 1476 caeli
2107 1422 2179 1476 et
2225 1412 2551 1490 afficiunt,
2591 1424 2863 1480 tantum

625 1506 1019 1587 aperiuntur
1076 1506 1423 1580 interiora,
1481 1525 1651 1588 quae
1708 1515 1870 1570 sunt
1929 1507 2199 1571 animae
2257 1528 2378 1571 seu
2433 1509 2734 1591 spirituS,
2789 1520 2861 1575 et

625 1597 944 1684 spectant
980 1620 1021 1663 a
1060 1601 1312 1663 mundo
1343 1598 1429 1663 ad
1464 1600 1730 1665 caelum
1760 1621 1776 1680 3
1825 1610 2152 1685 quantum
2185 1612 2415 1667 autem
2448 1604 2866 1687 recipiuntur

624 1694 763 1759 bini
801 1694 899 1758 illi
934 1713 1202 1757 amores
1240 1695 1473 1758 mundi
1511 1703 1583 1758 et
1628 1694 1959 1772 afficiunt,
1993 1705 2268 1760 tantum
2306 1699 2702 1779 aperiuntur
2737 1719 2862 1763 ex-

625 1792 895 1865 teriora,
936 1810 1110 1873 quae
1146 1799 1307 1854 sunt
1340 1792 1643 1871 corporis
1682 1811 1802 1854 seu
1840 1792 2085 1868 carnis,
2120 1802 2193 1858 et
2232 1790 2552 1875 spectant
2589 1814 2631 1857 a
2667 1795 2863 1859 caelo

622 1885 710 1949 ad
769 1884 1119 1949 mundum.
1208 1883 1399 1949 Sicut
1458 1884 1747 1948 influunt
1806 1902 2073 1949 amores
2130 1895 2204 1952 et
2268 1888 2709 1969 recipiuntur,
2765 1890 2863 1954 ita
2893 1906 2912 1923 ⁸

622 1979 821 2043 simul
857 1980 1067 2045 etiam
1105 1978 1391 2043 influunt
1427 1979 1700 2043 illorum
1731 1979 2050 2060 jucunda,
2091 1981 2160 2044 in
2205 1982 2534 2046 interiora
2563 1982 2861 2065 jucunda

620 2076 815 2151 caeli,
842 2076 908 2139 in
941 2076 1290 2139 exteriora
1313 2073 1610 2171 jucunda
1636 2074 1910 2155 mundi3
1957 2077 2302 2159 quoniam,
2331 2087 2407 2142 ut
2440 2074 2696 2143 dictum
2726 2089 2858 2155 est,

622 2190 827 2235 omne
858 2170 1231 2253 jucundum
1271 2178 1378 2233 est
1412 2170 1684 2233 amoriS.

743 2278 942 2348 397·
1001 2263 1285 2330 Caelum
1343 2264 1412 2328 in
1464 2284 1539 2327 se
1584 2264 1728 2329 tale
1774 2274 1908 2341 est,
1943 2274 2020 2329 ut
2068 2265 2343 2347 plenum
2391 2267 2482 2331 sit
2520 2266 2856 2349 jucundiS,

620 2381 832 2443 usque
868 2360 1047 2425 adeo
1084 2369 1159 2423 ut
1204 2359 1273 2422 in
1320 2380 1393 2422 se
1439 2356 1828 2441 spectatum
1865 2379 2004 2423 non
2043 2361 2132 2424 sit
2180 2362 2307 2423 nisi
2343 2380 2546 2444 quam
2580 2363 2858 2427 beatum

619 2466 693 2519 et
754 2455 1149 2537 jucundum,
1213 2454 1535 2537 quoniam
1604 2454 1928 2519 Divinum
1991 2454 2259 2519 Bonum
2320 2458 2704 2539 procedens
2767 2479 2858 2522 ex

618 2550 869 2614 Divino
900 2550 1161 2613 Amore
1195 2548 1472 2613 Domini
1503 2549 1666 2613 facit
1701 2550 1967 2614 caelum
2000 2552 2067 2613 in
2109 2553 2454 2615 communi
2492 2561 2563 2616 et
2595 2554 2662 2615 in
2702 2572 2856 2635 par·

617 2645 883 2710 ticulari
920 2644 1099 2729 apud
1138 2644 1654 2727 unumquemvis
1692 2645 1803 2721 ibi,
1839 2665 1918 2709 ac
1960 2643 2248 2710 Divinus
2280 2644 2503 2710 Amor
2537 2657 2643 2712 est
2678 2647 2857 2712 velle

617 2743 919 2804 omnium
981 2740 1279 2804 salutem
1344 2750 1417 2804 et
1480 2740 1787 2803 omnium
1839 2739 2242 2804 felicitatem
2310 2741 2399 2804 ab
2463 2742 2725 2804 intimis
2783 2751 2854 2806 et

616 2837 859 2920 plene:
906 2837 1065 2900 inde
1096 2845 1226 2911 est,
1261 2835 1444 2919 quod
1476 2836 1619 2899 sive
1652 2836 1844 2898 dicas
1869 2835 2136 2899 caelum
2168 2837 2312 2900 sive
2344 2837 2666 2920 gaudium
2698 2855 2854 2901 cae·

616 2933 817 3008 leste,
858 2951 1063 2994 unum
1096 2932 1206 2995 sit.

738 3026 945 3109 398·
1003 3025 1313 3108 Jucunda
1358 3024 1533 3088 caeli
1579 3032 1742 3089 sunt
1801 3023 2187 3102 ineffabilia,
2236 3034 2310 3089 et
2368 3045 2639 3108 quoque
2691 3035 2852 3090 sunt

614 3120 1173 3198 innumerabilia3
1220 3119 1343 3183 sed
1376 3140 1464 3183 ex
1498 3120 2102 3184 innumerabilibus
2136 3121 2395 3184 nullum
2429 3129 2666 3204 potest
2699 3121 2851 3184 sciri

613 3238 740 3283 nec
778 3215 963 3281 credi
1009 3215 1098 3278 ab
1141 3213 1262 3279 illo
1306 3214 1418 3297 qui
1469 3215 1537 3277 in
1584 3214 1738 3278 solo
1776 3214 2079 3296 jucundo
2117 3216 2423 3298 corporis
2467 3235 2584 3278 seu
2630 3216 2854 3278 carnis

613 3323 743 3390 est,
781 3310 1124 3394 quoniam,
1159 3319 1233 3372 ut
1280 3328 1483 3389 supra
1511 3306 1771 3372 dietum
1809 3318 1938 3383 est,
1979 3310 2306 3374 interiora
2341 3309 2484 3391 ejus
2531 3307 2848 3390 spectant

613 3427 654 3470 a
690 3404 888 3470 caelo
924 3403 1011 3466 ad
1052 3403 1399 3478 mundum,
1440 3405 1542 3466 ita
1576 3415 1807 3483 retro;
1856 3422 2015 3467 nam
2054 3405 2166 3487 qui
2203 3413 2397 3468 totus
2443 3405 2512 3468 in
2550 3403 2853 3485 jucundo

612 3499 915 3582 corporis
964 3517 1083 3560 seu
1128 3497 1351 3560 carnis
1395 3507 1525 3572 est,
1564 3515 1685 3561 seu
1723 3497 1906 3580 quod
1953 3497 2159 3573 idem,
2198 3498 2266 3562 in
2326 3516 2560 3560 amore
2619 3498 2719 3560 sui
2777 3505 2848 3560 et

611 3594 869 3669 mundi,
909 3595 965 3657 is
1003 3591 1168 3656 nihil
1200 3591 1477 3673 jucundi
1514 3593 1728 3656 sentit
1771 3592 1901 3656 nisi
1947 3611 2151 3674 quam
2199 3594 2266 3655 in
2312 3591 2594 3666 honore,
2637 3591 2846 3665 lucre,

611 3699 684 3755 et
721 3687 1192 3770 voluptatibus
1222 3687 1529 3768 corporis
1567 3694 1639 3750 et
1675 3705 2022 3760 sensuum,
2057 3706 2232 3769 quae
2263 3687 2362 3750 ita
2393 3686 2850 3766 exstinguunt

610 3795 683 3850 et
720 3782 1056 3849 suffocant
1088 3781 1387 3863 jucunda
1416 3781 1764 3856 interiora,
1799 3801 1973 3863 quae
2006 3781 2178 3844 caeli
2210 3791 2388 3856 sunt,
2423 3791 2496 3844 ut
2531 3799 2667 3843 non
2699 3800 2847 3843 cre-

610 3881 861 3944 dantur
904 3878 1087 3961 quod
1134 3878 1316 3956 sint3
1375 3896 1581 3960 quare
1626 3876 1832 3940 valde
1878 3877 2242 3940 miraturus
2287 3885 2496 3950 esset,
2539 3875 2594 3938 si
2640 3875 2850 3938 modo

608 3975 953 4039 diceretur
996 3972 1179 4056 quod
1236 3971 1487 4036 dentur
1526 3967 1832 4050 jucunda
1874 3971 2160 4034 remotis
2206 3969 2521 4052 jucundis
2565 3969 2846 4033 honoris

608 4079 681 4134 et
726 4067 916 4142 lucri,
954 4077 1027 4131 et
1073 4065 1295 4131 adhuc
1334 4067 1576 4149 magiS,
1616 4067 1671 4130 si
1719 4067 2064 4130 diceretur
2107 4065 2288 4149 quod
2329 4064 2628 4147 jucunda
2672 4063 2846 4128 caeli

607 4163 766 4227 loco
796 4163 1067 4226 illorum
1099 4161 1541 4225 succedentia
1572 4161 1711 4224 sint
1745 4158 2286 4233 innumerabilia,
2320 4179 2400 4223 ac
2435 4157 2602 4223 talia
2633 4170 2707 4221 ut
2739 4157 2842 4240 ju-

608 4259 835 4322 cunda
878 4257 1180 4340 corporis
1224 4266 1297 4320 et
1342 4257 1584 4331 carniS,
1621 4275 1794 4338 quae
1841 4255 2204 4338 praecipue
2243 4263 2403 4317 sunt
2447 4253 2724 4318 honoris
2771 4264 2844 4318 et

608 4353 798 4429 lucri,
838 4372 993 4416 cum
1039 4352 1171 4414 illis
1219 4370 1355 4414 non
1400 4351 1782 4431 comparari
1818 4357 2118 4432 queant:
2179 4348 2340 4412 inde
2378 4357 2576 4431 patet
2611 4370 2838 4424 causa,

607 4467 725 4512 cur
762 4468 902 4513 non
934 4447 1145 4512 scitur
1173 4445 1335 4529 quid
1374 4445 1697 4527 gaudium
1731 4444 2056 4508 caeleste.

731 4554 941 4623 399.
1000 4539 1353 4622 Quantum
1406 4539 1778 4620 jucundum
1833 4538 2006 4603 caeli
2067 4547 2200 4614 est,
2239 4537 2464 4602 solum
2518 4547 2840 4603 constare

607 4627 841 4720 potest
871 4657 963 4702 ex
994 4656 1100 4712 e0,
1133 4635 1315 4720 quod
1348 4635 1663 4700 omnibus
1696 4635 1786 4698 ibi
1815 4633 2184 4716 jucundum
2217 4633 2306 4698 sit
2337 4635 2838 4698 communicare
