3371 5304
516 603 644 682 380
1169 618 1270 670 DE:
1313 617 1567 670 canto
1615 619 1712 670 13⁶1·
1757 593 2118 674 musano.

513 789 877 856 charitatis
914 798 988 856 et
1023 789 1202 868 fidei,
1250 789 1568 857 videatur
1609 793 1679 857 in
1718 795 2011 860 articulo
2046 793 2152 860 De
2196 795 2632 863 societatibus
2673 821 2759 864 ex

512 885 758 968 quibus
805 885 999 951 Caeli
1034 887 1408 951 consistunt
1442 886 1538 970 (n.
1573 887 1817 974 41-50)
1850 912 1866 969 ;
1914 899 1986 954 et
2034 891 2101 954 in
2148 892 2438 957 articulo
2473 893 2577 957 De
2616 895 2755 958 Im·

511 981 872 1045 mensitate
925 977 1122 1046 Caeli
1166 980 1262 1065 (n.
1307 980 1680 1066 415—420):
1744 985 2058 1049 similiter
2100 985 2336 1072 itaque
2380 989 2757 1053 societates

513 1077 902 1154 infernaleS,
941 1095 1116 1160 quae
1151 1079 1661 1142 discriminatae
1708 1089 1867 1143 sunt
1914 1082 2289 1146 secundum
2336 1084 2519 1147 mala
2558 1083 2757 1147 bonis

513 1171 854 1254 opposita.
943 1171 1470 1256 Unumquodvis
1530 1175 1783 1238 malum
1840 1188 1949 1240 est
2008 1175 2316 1242 infinitae
2375 1179 2754 1256 varietatiS,

513 1267 690 1329 sicut
721 1268 1224 1352 unumquodvis
1261 1269 1538 1332 bonum.
1631 1267 1837 1350 Quod
1878 1273 1975 1335 ita
2014 1272 2126 1347 sit,
2162 1288 2301 1334 non
2339 1275 2620 1355 capiunt
2657 1271 2757 1336 illi

513 1363 626 1444 qui
673 1363 882 1426 modo
927 1365 1310 1446 simplicem
1347 1366 1575 1430 ideam
1635 1367 1722 1430 de
1785 1369 2167 1450 unoquovis
2228 1367 2414 1432 malo
2468 1367 2751 1443 habent,

511 1457 690 1521 sicut
727 1457 813 1521 de
851 1468 1280 1542 contemptu,
1315 1461 1400 1548 cle
1433 1462 1810 1537 inimicitia,
1851 1462 1937 1526 de
1976 1463 2157 1538 odio,
2190 1463 2277 1527 de
2310 1462 2632 1540 vindiEta,
2667 1463 2757 1527 de

511 1549 698 1626 dolo,
740 1563 814 1618 et
859 1554 946 1618 de
993 1555 1322 1618 similibus
1359 1555 1554 1619 aliis:
1605 1558 1726 1620 sed
1767 1559 1991 1621 sciant
2030 1559 2213 1641 quod
2253 1557 2759 1642 unumquodvis

511 1670 602 1713 ex
638 1650 772 1712 illis
803 1651 1156 1714 contineat
1190 1660 1299 1714 tot
1331 1651 1749 1716 differentias
1782 1651 2157 1736 specificas,
2194 1664 2264 1718 et
2297 1663 2405 1718 tot
2436 1653 2754 1718 differen-

511 1745 648 1810 tias
674 1747 920 1810 iterum
947 1745 1298 1828 specificas
1320 1767 1438 1811 seu
1471 1747 1939 1830 particulares,
1962 1758 2036 1812 ut
2071 1765 2207 1812 non
2242 1748 2533 1813 sufficiat
2559 1748 2755 1813 volu-

511 1861 672 1906 men
705 1841 838 1904 illis
865 1843 1366 1905 enumerandis.
1431 1843 1705 1906 Inferna
1736 1853 1897 1908 sunt
1926 1845 2300 1908 secundum
2332 1843 2753 1908 differentias

512 1936 802 2018 cujusvis
841 1937 1003 2002 mali
1049 1939 1148 2000 ita
1183 1937 1504 2002 ordinate
1537 1937 1885 2015 distincta,
1927 1949 2001 2004 ut
2049 1939 2214 2003 nihil
2254 1939 2633 2003 ordinatius
2679 1948 2754 2003 et

511 2032 921 2098 distinstiuS.
1013 2033 1182 2098 Inde
1207 2045 1527 2098 constare
1555 2043 1814 2117 potest,
1842 2036 2020 2119 quod
2048 2038 2186 2099 sint
2210 2033 2751 2113 innumerabilia,

511 2147 718 2194 unum
752 2148 963 2211 prope
994 2129 1309 2204 alterum,
1337 2139 1408 2192 et
1442 2149 1646 2192 unum
1679 2142 1944 2194 remote
1983 2132 2069 2194 ab
2101 2131 2344 2206 alter0,
2378 2131 2753 2193 secundum

511 2223 928 2290 differentias
977 2224 1311 2288 malorum
1356 2225 1422 2286 in
1470 2245 1746 2307 genere,
1795 2227 1863 2289 in
1912 2225 2161 2308 specie,
2210 2232 2282 2289 et
2337 2227 2403 2288 in
2452 2223 2751 2308 particu-

510 2320 655 2384 lari.
747 2319 922 2384 Sunt
960 2338 1228 2402 quoque
1265 2320 1527 2383 inferna
1563 2321 1692 2384 sub
1727 2320 2040 2385 infernis:
2090 2327 2249 2384 sunt
2284 2321 2753 2384 communica-

461 2479 468 2486 ,
510 2416 738 2480 tiones
777 2417 1202 2498 quorundam
1242 2436 1362 2498 per
1395 2417 1751 2490 transitus,
1787 2425 1859 2481 et
1900 2427 2057 2480 sunt
2092 2415 2753 2480 communicationes

508 2511 799 2593 plurium
840 2533 959 2594 per
997 2510 1505 2586 exhalationeS,
1541 2523 1612 2575 et
1652 2511 1781 2574 hoc
1823 2533 2096 2595 prorsus
2128 2514 2499 2575 secundum
2533 2509 2751 2574 affini-

509 2616 698 2671 tates
725 2608 917 2672 unius
943 2607 1214 2689 generis
1245 2617 1318 2671 et
1350 2607 1543 2671 unius
1566 2608 1821 2690 speciei
1848 2605 2187 2673 malicum
2221 2607 2389 2671 aliis.
2480 2603 2753 2671 Inferna

509 2713 771 2787 quanto
827 2717 1112 2765 numero
1165 2710 1346 2779 sunt,
1381 2704 1623 2767 datum
1662 2704 1827 2767 mihi
1872 2713 1978 2766 est
2035 2704 2205 2767 scire
2265 2723 2357 2766 ex
2419 2722 2525 2777 e0,
2565 2701 2750 2785 quod

507 2797 774 2861 inferna
819 2800 955 2861 sint
1003 2800 1128 2862 sub
1187 2800 1375 2863 omni
1415 2807 1674 2875 monte,
1718 2796 1896 2863 colle
1948 2808 2020 2861 et
2082 2807 2301 2883 petra,
2351 2808 2422 2861 et
2480 2816 2751 2881 quoque

509 2892 636 2955 sub
655 2894 843 2955 omni
869 2893 1154 2977 planitie
1188 2901 1260 2958 et
1292 2893 1496 2969 valle,
1523 2903 1594 2957 et
1626 2893 1809 2976 quod
1842 2894 1968 2957 sub
1992 2892 2126 2956 illis
2158 2914 2231 2956 se
2257 2892 2649 2956 extendant
2680 2893 2749 2954 in

507 2988 820 3069 longum,
871 2987 1110 3067 latum,
1158 2998 1230 3052 et
1279 2988 1680 3071 profundum
1708 3010 1724 3068 ;
1778 2978 2011 3063 verbe,
2060 2996 2281 3052 totum
2330 2986 2618 3063 caelum,
2666 3006 2748 3049 ac

509 3093 703 3147 totus
744 3086 1032 3147 muudus
1071 3085 1451 3167 spirituum,
1493 3091 1652 3147 sunt
1699 3084 1891 3166 quasi
1938 3082 2285 3157 excavati,
2326 3090 2397 3145 et
2444 3081 2570 3144 sub
2614 3080 2751 3145 illis

510 3180 914 3244 continuum
951 3178 1308 3243 infernum.
1401 3178 1595 3243 Haec
1635 3178 1722 3242 de
1760 3178 2155 3259 pluralitate
2192 3177 2629 3241 infernorum.

1485 3662 1775 3751 [Lx11.]

645 3854 763 3919 DE
809 3806 1332 3932 AEQmmnRto
1377 3864 1614 3918 mma
1663 3848 1989 3917 CAELUM
2038 3864 2133 3915 ετ
2180 3850 2612 3918 Ins-sanun.

632 4038 842 4121 589·
899 4036 1226 4102 Omnium
1284 4035 1757 4119 aequilibrium
1816 4036 1968 4112 erit,
2019 4046 2093 4099 ut
2152 4036 2408 4121 aliquid
2459 4036 2745 4101 existat.

508 4134 796 4217 Absque
829 4133 1231 4217 aequilibrio
1264 4152 1400 4195 non
1448 4142 1556 4195 est
1594 4128 1775 4195 actio
1812 4141 1883 4195 et
1915 4128 2217 4210 reac'ti05
2266 4152 2425 4195 nam
2464 4130 2744 4215 aequili-

509 4230 724 4293 brium
746 4238 853 4293 est
878 4230 1057 4291 inter
1081 4227 1276 4291 binas
1303 4226 1498 4303 vireS,
1523 4246 1802 4311 quarum
1825 4247 1957 4289 una
1981 4224 2127 4308 agit
2147 4235 2218 4290 et
2244 4224 2459 4291 altera
2481 4228 2741 4309 reagit:

509 4324 699 4407 quies
735 4344 829 4387 ex
866 4322 1067 4387 simili
1104 4323 1386 4405 agentia
1423 4331 1495 4386 et
1534 4322 1891 4403 reagentia
1926 4331 2214 4386 vocatur
2250 4321 2735 4405 aequilibrium.

510 4419 590 4484 In
625 4420 880 4482 mundo
906 4419 1199 4482 naturali
1233 4429 1340 4483 est
1368 4415 1837 4501 aequilibrium
1870 4418 1935 4479 in
1969 4418 2283 4480 omnibus
2310 4427 2381 4481 et
2416 4416 2740 4498 singulis:

509 4515 577 4577 in
623 4534 878 4594 genere
939 4516 1006 4578 in
1053 4516 1217 4597 ipsis
1264 4513 1793 4595 atmosphaeris,
1834 4513 1900 4576 in
1946 4512 2186 4595 quibus
2233 4512 2546 4577 inferiora
2593 4532 2741 4574 rea-

508 4618 680 4688 gunt
712 4621 781 4673 et
819 4610 1174 4677 resistunt.
1209 4618 1542 4693 quantum
1576 4608 1921 4691 superiora
1952 4614 2169 4690 agunt
2209 4619 2281 4673 et
2313 4608 2741 4671 incumbunt.
