3371 5304
576 608 699 657 212
1222 606 1325 657 DE
1368 607 1621 658 CAELO
1668 608 1764 658 ET
1808 608 2173 661 INFERNO.

574 783 648 842 et
692 787 857 842 tunc
891 777 1111 841 credit
1148 777 1492 855 Divinum,
1526 797 1680 842 cum
1715 778 1867 843 vult
1899 778 2055 844 duci
2097 798 2140 849 a
2175 777 2469 846 Divino:
2533 781 2630 845 ita
2673 801 2809 845 non

574 870 780 936 aliter
806 872 1203 954 aperiuntur
1232 872 1557 935 interiora
1584 872 1904 936 hominis.
1995 874 2230 939 Homo
2274 876 2388 957 qui
2423 876 2489 939 in
2528 876 2646 939 illa
2681 870 2813 939 fide

574 975 706 1042 est,
740 976 813 1032 et
845 970 912 1030 in
943 968 1089 1030 vita
1117 965 1492 1029 secundum
1524 964 1752 1043 fidem,
1787 966 1904 1031 ille
1934 968 2002 1031 in
2034 970 2350 1051 potentia
2378 980 2453 1033 et
2483 968 2813 1033 facultate

572 1060 1009 1142 intelligendi
1038 1068 1113 1124 et
1143 1058 1453 1143 sapiendi
1485 1070 1633 1124 est:
1681 1058 1808 1125 sed
1840 1072 1918 1127 ut
1947 1062 2068 1125 fiat
2098 1063 2496 1145 intelligens
2526 1072 2600 1127 et
2631 1064 2812 1144 sapi-

574 1174 719 1231 ens»,
742 1166 1021 1239 oportet
1045 1156 1403 1219 addiscere
1422 1156 1662 1232 multa,
1685 1176 1824 1219 non
1848 1157 2070 1221 solum
2095 1178 2267 1241 quae
2291 1158 2466 1222 caeli
2486 1167 2668 1233 sunt,
2691 1158 2814 1222 sed

574 1250 785 1314 etiam
816 1272 988 1333 quae
1020 1252 1294 1329 mundi;
1340 1271 1515 1333 quae
1546 1249 1718 1314 caeli
1757 1262 1916 1315 sunt
1953 1273 2046 1316 ex
2080 1252 2317 1316 Verbo
2353 1262 2426 1317 et
2463 1252 2553 1315 ab
2588 1251 2812 1316 eccle-

572 1345 693 1421 sia,
728 1356 801 1409 et
832 1368 1003 1429 quae
1029 1346 1263 1419 mundi
1287 1355 1446 1410 sunt
1478 1366 1570 1409 ex
1601 1346 1948 1426 scientiis;
1993 1358 2325 1432 quantum
2351 1346 2560 1410 homo
2583 1347 2812 1410 addis·

572 1442 669 1504 cit
700 1452 772 1505 et
803 1441 1105 1522 applicat
1137 1441 1342 1516 vitae,
1376 1448 1649 1505 tantum
1680 1438 1758 1503 fit
1788 1440 2190 1523 intelligens
2221 1452 2292 1506 et
2324 1444 2619 1526 sapiens,
2653 1461 2812 1505 nam

574 1544 845 1599 tantum
891 1537 1074 1599 visus
1120 1536 1406 1599 interior
1450 1536 1562 1619 qui
1624 1544 1732 1598 est
1779 1534 1920 1617 ejus
1963 1534 2378 1613 intellectuS,
2426 1545 2500 1600 et
2545 1534 2813 1599 affectio

572 1630 853 1695 interior
896 1650 1071 1712 quae
1113 1639 1224 1693 est
1269 1629 1410 1711 ejus
1454 1629 1856 1706 voluntatis,
1907 1629 2364 1712 perficiuntur.
2453 1629 2813 1713 Simplices

572 1742 664 1788 ex
703 1726 834 1788 hoc
873 1744 1124 1806 genere
1164 1734 1323 1788 sunt
1359 1722 1603 1807 quibus
1642 1725 1968 1789 interiora
2001 1737 2244 1807 aperta
2282 1735 2464 1801 sunt,
2503 1726 2628 1788 sed
2673 1744 2812 1789 non

571 1819 671 1883 ita
695 1842 815 1903 per
838 1840 998 1883 vera
1016 1818 1413 1902 spiritualia,
1438 1818 1743 1895 moralia,
1767 1819 1992 1883 civilia
2015 1830 2088 1882 et
2113 1819 2469 1895 naturalia,
2491 1820 2774 1883 exculta
2794 1841 2812 1898 ;

570 1913 643 1977 hi
678 1915 1061 1998 percipiunt
1093 1934 1257 1977 vera
1294 1934 1450 1977 cum
1488 1912 1607 1976 illa
1643 1913 1950 1990 audiunt,
1985 1912 2106 1976 sed
2145 1934 2281 1977 non
2317 1914 2560 1979 vident
2592 1912 2712 1977 illa
2745 1915 2813 1978 in

573 2030 647 2073 se
678 2031 693 2087 ;
740 2010 1093 2090 sapientes
1130 2018 1363 2071 autem
1400 2028 1491 2071 ex
1528 2006 1661 2071 hoc
1701 2026 1953 2091 genere
1991 2018 2172 2084 sunt,
2212 2007 2454 2090 quibus
2488 2010 2815 2072 interiora

573 2124 713 2167 non
750 2104 958 2167 modo
988 2114 1230 2184 aperta
1266 2114 1448 2177 sunt,
1483 2102 1606 2166 sed
1636 2105 1850 2166 etiam
1881 2102 2207 2181 exculta;
2252 2102 2324 2165 hi
2360 2112 2430 2165 et
2463 2104 2706 2166 vident
2743 2104 2810 2167 in

572 2221 646 2263 se
681 2220 843 2263 vera
880 2208 952 2267 et
992 2199 1373 2281 percipiunt
1409 2197 1546 2261 illa.
1638 2198 1752 2261 Ex
1789 2197 1894 2260 his
1927 2206 2147 2280 patet,
2174 2196 2332 2280 quid
2365 2217 2528 2261 vera
2557 2196 2813 2261 intelli-

574 2296 815 2379 gentia
854 2304 926 2358 et
965 2294 1325 2376 sapientia.

698 2402 891 2471 352.
951 2386 1193 2469 Spuria
1228 2386 1697 2470 intelligentia
1741 2396 1814 2451 et
1859 2386 2201 2469 sapientia
2244 2396 2353 2451 est
2399 2406 2536 2451 non
2581 2388 2815 2453 videre

573 2496 644 2549 et
671 2484 1015 2567 percipere
1040 2482 1201 2567 quid
1221 2502 1456 2546 verum
1480 2493 1553 2546 et
1580 2483 1857 2557 bonum,
1883 2501 1962 2545 ac
1988 2482 2146 2545 inde
2167 2482 2412 2546 salsum
2437 2492 2510 2544 et
2536 2481 2810 2558 malum,

573 2602 665 2644 ex
724 2578 1051 2664 interiori,
1096 2578 1222 2641 sed
1286 2577 1496 2641 modo
1541 2577 1820 2640 credere
1879 2576 1950 2639 id
2010 2596 2243 2639 verum
2290 2588 2364 2640 et
2417 2577 2692 2651 bonum,
2733 2597 2813 2642 ac

570 2675 815 2739 falsum
860 2683 932 2737 et
980 2673 1236 2738 malum
1282 2693 1456 2750 esse,
1497 2672 1680 2756 quod
1735 2671 1823 2734 ab
1881 2669 2032 2734 aliis
2086 2671 2357 2747 dicitur,
2406 2682 2479 2735 et
2538 2671 2694 2735 dein
2743 2673 2814 2737 id

573 2768 994 2836 confirmare.
1085 2768 1193 2832 Illi
1238 2768 1576 2851 quianon
1614 2766 1856 2830 vident
1893 2784 2130 2828 verum
2176 2787 2268 2828 ex
2326 2785 2513 2842 vero,
2553 2767 2675 2829 sed
2721 2787 2814 2830 ex

574 2864 730 2939 alie,
771 2884 988 2947 aeque
1034 2872 1325 2945 possunt
1362 2861 1657 2944 arripere
1703 2870 1778 2925 et
1824 2861 2104 2924 credere
2139 2859 2383 2924 falsum
2429 2881 2508 2925 ac
2555 2880 2812 2938 verum,

573 2969 646 3023 et
677 2977 946 3043 quoque
978 2949 1377 3021 confirmare
1407 2955 1575 3018 illud
1608 2975 1822 3036 usque
1855 2965 1932 3018 ut
1967 2963 2302 3036 appareat
2332 2955 2509 3018 sicut
2539 2975 2814 3033 verum;

574 3053 890 3136 quicquid
951 3052 1133 3114 enim
1192 3049 1654 3124 confirmatur,
1705 3050 1924 3112 induit
1970 3051 2449 3129 apparentiam
2493 3050 2681 3128 veri;
2741 3058 2815 3114 et

575 3146 740 3211 nihil
787 3155 895 3209 est
955 3143 1140 3229 quod
1199 3163 1339 3207 non
1385 3143 1772 3208 confirmari
1832 3152 2089 3227 potest.
2183 3141 2448 3206 Horum
2493 3145 2818 3208 interiora

575 3260 715 3306 non
754 3250 995 3322 aperta
1041 3248 1204 3303 sunt
1250 3239 1375 3302 nisi
1423 3240 1511 3302 ab
1554 3237 1747 3315 infra,
1797 3239 1917 3301 sed
1965 3239 2321 3300 exteriora
2363 3249 2694 3320 quantum
2741 3259 2815 3303 se

575 3335 1153 3401 confirmaverunt
1178 3354 1195 3412 ;
1241 3353 1449 3416 quare
1474 3332 1594 3397 lux
1618 3353 1708 3396 ex
1734 3353 1868 3416 qua
1887 3331 2153 3406 vident,
2180 3351 2319 3395 non
2346 3341 2454 3395 est
2473 3331 2595 3394 lux
2619 3331 2812 3408 caeli,

574 3432 698 3496 sed
744 3441 853 3494 est
898 3428 1021 3492 lux
1068 3428 1323 3502 mundi,
1362 3448 1537 3510 quae
1575 3427 1805 3490 lumen
1845 3426 2162 3490 naturale
2193 3436 2526 3491 vocatur:
2586 3427 2656 3489 in
2685 3425 2816 3491 hac

572 3527 756 3590 enim
782 3525 932 3590 luce
953 3520 1432 3608 possuntfalsa
1456 3521 1681 3587 lucere
1707 3531 1780 3585 ut
1803 3543 1985 3599 vera,
2007 3523 2218 3586 immo
2241 3540 2396 3585 cum
2417 3518 2818 3586 confirmata

574 3632 759 3696 sunt,
800 3628 1089 3702 possunt
1127 3617 1633 3701 splendescere,
1674 3635 1814 3680 non
1851 3627 2084 3680 autem
2123 3616 2192 3680 in
2230 3615 2382 3680 luce
2417 3615 2615 3680 caeli.
2701 3615 2816 3680 Ex

574 3715 706 3779 hoc
753 3734 1009 3796 genere
1044 3715 1270 3777 minus
1306 3707 1784 3793 intelligentes
1829 3721 1904 3776 et
1947 3713 2299 3794 sapientes
2331 3719 2493 3776 sunt
2531 3707 2698 3792 ¹⁸¹qui
2743 3729 2817 3773 se

574 3810 866 3874 multum
892 3806 1487 3882 confirmaverunt,
1524 3815 1597 3869 at
1622 3806 1845 3888 magis
1869 3804 2346 3888 intelligentes
2371 3814 2444 3868 et
2469 3805 2817 3888 sapientes

574 3906 687 3988 qui
731 3925 805 3966 se
843 3920 1100 3986 parum.
1136 3958 1143 3966 .
1192 3901 1307 3964 Ex
1351 3901 1457 3965 his
1493 3909 1715 3983 patet,
1756 3900 1917 3982 quid
1963 3901 2193 3983 spuria
2228 3898 2700 3981 intelligentia
2741 3907 2815 3963 et

574 3999 933 4081 sapientia.
1026 3995 1165 4060 Sed
1195 4016 1289 4059 ex
1318 3995 1452 4060 hoc
1486 4015 1741 4079 genere
1772 4015 1912 4060 non
1945 4003 2105 4059 sunt
2136 3993 2258 4070 illi,
2287 3994 2400 4077 qui
2429 3994 2499 4056 in
2531 3992 2818 4075 pueritia

574 4102 1103 4157 autumaverunt
1140 4112 1303 4156 vera
1338 4111 1490 4157 esse
1527 4111 1701 4175 quae
1737 4111 1779 4153 a
1815 4091 2165 4172 magistris
2199 4089 2629 4163 audiverunt,
2663 4087 2719 4150 si
2746 4087 2814 4149 in

566 4187 952 4272 juventute,
1000 4188 1276 4272 quando
1335 4208 1425 4251 ex
1492 4207 1616 4250 suo
1673 4181 2033 4250 intellefitu
2093 4187 2434 4267 cogitant,
2484 4200 2624 4244 non
2683 4179 2816 4244 illis

574 4283 957 4358 inhaerent,
992 4283 1115 4347 sed
1146 4283 1540 4346 desiderant
1573 4299 1832 4356 verum,
1865 4290 1940 4346 et
1977 4301 2071 4344 ex
2103 4278 2442 4344 desiderio
2471 4277 2814 4358 inquirunt

568 4377 763 4453 illud,
804 4388 873 4443 et
912 4399 1067 4442 cum
1106 4378 1487 4454 inveniunt,
1522 4377 1806 4441 interius
1839 4375 2263 4440 afficiuntur:
2311 4374 2382 4438 hi
2419 4371 2576 4456 quia
2605 4367 2814 4434 affici-

574 4482 779 4536 untur
822 4493 987 4538 vero
1034 4481 1317 4556 propter
1359 4489 1619 4547 verum,
1667 4469 1906 4535 vident
1951 4489 2190 4534 verum
2229 4479 2602 4550 antequam
2649 4482 2812 4528 con-
