3371 5304
575 613 692 689 148
1224 623 1326 675 ns
1369 622 1624 675 cAssLo
1670 625 1767 677 ET
1814 623 2179 676 mimimo.

564 799 631 860 in
657 818 791 881 qua
817 796 1038 860 solum
1063 796 1330 881 aliquae
1355 817 1564 861 voces
1586 797 1835 863 litteris
1864 797 2227 861 Hebraicis
2252 797 2553 879 scriptae
2578 808 2771 863 erant
2796 819 2813 875 ς

569 904 642 958 et
682 894 1044 957 dicebatur
1079 894 1262 975 quod
1301 894 1678 975 unaquevis
1717 892 1953 957 littera
1988 891 2298 956 involvat
2335 912 2588 958 arcana
2632 895 2815 977 sapi·

563 990 818 1063 entiae,
855 996 926 1052 et
965 988 1148 1070 quod
1187 986 1306 1050 illa
1337 988 1550 1051 insint
1583 987 2067 1051 inflexionibus
2100 998 2171 1052 et
2212 991 2591 1052 curvaturis
2623 988 2815 1053 litte·

563 1103 814 1161 rarum,
877 1093 948 1146 et
1013 1083 1174 1147 inde
1244 1102 1514 1166 quoque
1582 1083 1791 1146 sonis,
1882 1082 2054 1146 Inde
2120 1084 2346 1165 patuit
2408 1083 2593 1158 mihi,
2653 1081 2815 1166 quid

565 1177 992 1261 significatur
1030 1198 1151 1261 per
1185 1177 1358 1242 haec
1399 1177 1676 1242 Domini
1716 1177 1949 1254 verba,

667 1325 891 1374 “Amen
922 1325 1043 1374 dico
1073 1324 1244 1382 vobis,
1274 1338 1443 1388 usque
1471 1324 1597 1374 dum
1629 1323 1966 1386 praeterierit
1994 1323 2203 1373 caelum
2234 1332 2289 1373 et
2324 1332 2483 1380 terra.
2506 1324 2618 1374 iota
2644 1337 2811 1375 unum

829 1401 922 1440 aut
945 1389 1284 1440 corniculum
1321 1403 1492 1438 unum
1519 1405 1630 1438 non
1657 1390 1975 1452 praeteribit
1997 1390 2066 1438 de
2096 1388 2239 1452 Lege
2259 1389 2288 1410 ''
2312 1391 2532 1451 (Asaak.
2556 1405 2605 1442 v.
2641 1392 2734 1446 ιθ).

567 1540 772 1624 Quod
810 1540 1118 1606 Verbum
1169 1539 1494 1605 Divinum
1549 1541 1639 1604 sit
1698 1541 1927 1624 quoad
1984 1560 2261 1606 omnem
2316 1542 2460 1623 ejus
2518 1542 2811 1625 apicem,

565 1639 776 1702 etiam
825 1649 1065 1702 notum
1103 1647 1212 1702 est
1261 1638 1330 1701 in
1375 1636 1716 1702 ecclesia:
1780 1637 1902 1700 sed
1941 1636 2216 1701 ubinam
2266 1635 2591 1700 Divinum
2638 1635 2815 1704 latet

563 1735 634 1798 in
679 1736 868 1798 omni
920 1735 1136 1816 apice,
1187 1733 1492 1796 nondum
1542 1743 1785 1796 notum
1831 1742 1987 1810 est;
2054 1743 2478 1816 quapropter
2521 1733 2811 1799 dicetur.

565 1827 918 1911 Scriptura
955 1829 1022 1892 in
1055 1827 1252 1892 caelo
1285 1829 1530 1892 intimo
1561 1828 1885 1892 consistit
1914 1848 2007 1892 ex
2044 1827 2249 1892 variis
2280 1827 2513 1892 formis
2546 1827 2814 1894 inflexis

565 1933 638 1989 et
699 1922 1197 2001 circumflexis3
1267 1933 1336 1988 et
1395 1923 1805 1988 inflexiones
1862 1932 1935 1987 et
2002 1922 2592 1988 circumflexiones
2650 1933 2811 1989 sunt

564 2020 946 2086 secundum
1017 2019 1306 2084 sormam
1378 2018 1571 2082 caeli.
1663 2017 1930 2100 Angeli
2001 2039 2122 2102 per
2192 2017 2346 2082 illas
2412 2020 2813 2103 exprimunt

561 2136 818 2180 arcana
850 2116 1232 2199 sapientiae
1266 2135 1448 2188 suae,
1484 2123 1558 2177 et
1595 2133 1867 2196 quoque
1904 2112 2101 2194 plura
2136 2133 2313 2195 quae
2346 2132 2484 2176 non
2523 2123 2811 2195 possunt

563 2212 848 2276 vocibus
893 2210 1293 2287 enuntiare;
1361 2219 1457 2284 et,
1519 2209 1706 2292 quod
1764 2206 2099 2284 mirabile,
2146 2206 2340 2272 illam
2400 2210 2809 2290 scripturam

563 2309 790 2372 sciunt
823 2305 1054 2388 angeli
1081 2306 1338 2388 absque
1371 2315 1521 2368 arte
1554 2314 1626 2369 et
1661 2305 2037 2386 magistro;
2083 2312 2190 2367 est
2222 2304 2358 2369 illis
2390 2304 2606 2369 indita
2636 2305 2811 2368 sicut

563 2404 714 2485 ipsa
759 2402 1035 2486 loquela
1083 2399 1200 2483 (de
1245 2421 1380 2483 qua
1427 2420 1492 2463 n.
1539 2399 1738 2482 236):
1788 2408 2212 2482 quapropter
2256 2401 2594 2483 scriptura
2638 2398 2809 2464 haec

563 2509 673 2561 est
736 2499 1074 2580 scriptura
1120 2495 1465 2559 caelestis,
1559 2491 1764 2574 Quod
1810 2495 2032 2558 indita
2078 2495 2191 2568 sit,
2231 2502 2340 2557 est
2385 2494 2543 2576 quia
2588 2494 2809 2557 omnis

561 2594 886 2658 extensio
919 2591 1422 2675 cogitationum
1462 2597 1535 2652 et
1570 2585 2031 2667 affef’tionum,
2067 2597 2138 2652 et
2176 2589 2334 2652 inde
2367 2589 2589 2652 omnis
2621 2607 2809 2652 com-

563 2690 943 2752 municatio
1003 2685 1514 2768 intelligentiae
1574 2694 1646 2748 et
1714 2685 2097 2769 sapientiae
2149 2683 2557 2766 angelorum
2616 2684 2807 2748 vadit

563 2785 937 2847 secundum
976 2782 1262 2847 formam
1303 2780 1475 2845 caeli
1518 2778 1614 2862 (n.
1655 2779 1853 2863 201):
1916 2781 2077 2843 inde
2116 2789 2245 2855 est,
2285 2779 2469 2862 quod
2516 2780 2583 2843 in
2619 2778 2807 2842 illam

563 2878 728 2943 fluat
761 2880 1096 2962 scriptura
1125 2876 1417 2941 illorum.
1510 2872 1787 2939 Diftum
1821 2884 1931 2939 est
1971 2874 2159 2951 mihi,
2195 2875 2379 2959 quod
2414 2874 2807 2958 antiquissi-

565 2975 692 3036 mis
729 2974 796 3035 in
836 2972 964 3037 hac
1003 2970 1269 3047 tellure,
1311 2981 1684 3054 antequam
1719 2970 1995 3035 litterae
2032 2972 2351 3035 inventae
2382 2979 2565 3045 sunt,
2600 2970 2807 3033 etiam

563 3067 724 3132 talis
762 3070 1099 3149 scriptura
1134 3067 1376 3145 suerit3
1417 3076 1488 3130 et
1527 3065 1711 3148 quod
1750 3065 1869 3129 illa
1906 3066 2251 3130 translata
2290 3068 2381 3130 sit
2428 3067 2495 3129 in
2543 3065 2809 3129 litteras

561 3162 842 3245 linguae
883 3162 1292 3237 Hebraicae,
1331 3181 1506 3244 quae
1546 3161 1822 3225 litterae
1860 3162 2159 3245 antiquis
2196 3160 2620 3244 temporibus
2656 3178 2808 3223 om·

562 3278 684 3321 nes
729 3257 1026 3322 inflexae
1070 3257 1364 3331 suerunt,
1413 3266 1486 3320 et
1546 3276 1684 3321 non
1740 3255 2030 3339 aliquae,
2072 3257 2249 3319 sicut
2294 3255 2522 3330 hodie,
2571 3256 2805 3319 termi-

561 3364 771 3419 natae
817 3362 892 3417 ut
939 3353 1197 3417 lineae:
1260 3352 1419 3415 inde
1453 3360 1585 3427 est,
1625 3352 1810 3435 quod
1854 3353 1921 3416 in
1970 3350 2207 3417 Verbo
2245 3352 2383 3415 sint
2432 3350 2682 3415 Divina
2732 3360 2805 3415 et

560 3468 814 3515 arcana
849 3448 1026 3513 caeli
1071 3448 1281 3511 etiam
1319 3449 1388 3510 in
1425 3448 1609 3522 iotis,
1645 3447 1973 3530 apicibuS,
2008 3458 2080 3512 et
2118 3446 2481 3510 corniculis
2518 3446 2678 3528 ejus,

687 3542 880 3610 261.
943 3542 1135 3607 Haec
1175 3544 1533 3623 scriptura,
1573 3561 1750 3625 quae
1796 3538 1873 3605 fit
1919 3562 2040 3625 per
2084 3550 2297 3624 typos
2342 3540 2601 3605 formae
2646 3560 2803 3606 cae·

559 3640 778 3716 lesti3‚
815 3642 881 3703 in
938 3660 1060 3703 usu
1105 3649 1214 3702 est
1273 3639 1342 3701 in
1405 3638 1652 3700 intimo
1689 3637 1909 3709 caelo.
1950 3638 2063 3700 ubi
2122 3638 2189 3699 in
2243 3638 2584 3719 sapientia
2642 3656 2805 3720 prae

558 3736 834 3819 reliquis
867 3744 1046 3799 sunt.
1139 3733 1643 3817 Exprimuntur
1679 3753 1801 3816 per
1838 3732 1995 3797 illos
2033 3730 2449 3807 affectiones,
2482 3752 2526 3796 a
2563 3733 2805 3817 quibus

559 3832 1026 3913 cogitationes
1063 3828 1280 3893 fluunt
1327 3838 1399 3893 et
1447 3837 1960 3910 consequuntur
2006 3828 2247 3892 ordine
2285 3829 2659 3892 secundum
2708 3828 2805 3893 rei

563 3923 940 4007 subjectum
987 3926 1075 3988 de
1121 3944 1257 4007 quo
1301 3925 1570 4006 agitur:
1630 3924 1790 3987 inde
1837 3931 1969 3997 est,
2010 3924 2194 4007 quod
2233 3925 2609 4007 scripturae
2646 3922 2805 3989 illae

557 4019 918 4084 involvant
971 4036 1246 4092 arcana,
1295 4038 1470 4100 quae
1531 4016 1880 4081 exhauriri
1924 4010 2362 4101 cogitatione
2407 4028 2801 4101 nequeunt3

557 4115 684 4179 has
721 4114 1092 4197 scripturas
1128 4113 1368 4175 datum
1405 4112 1611 4176 etiam
1645 4121 1755 4176 est
1793 4112 2048 4177 videre.
2138 4111 2241 4177 At
2280 4113 2346 4176 in
2386 4112 2597 4177 caelis
2634 4112 2800 4177 inse·

557 4210 848 4274 rioribus
885 4227 1024 4271 non
1058 4207 1238 4271 tales
1269 4207 1650 4289 scripturae
1685 4218 1887 4272 sunt:
1936 4208 2315 4289 scripturae
2352 4209 2419 4271 in
2456 4207 2565 4271 his
2594 4208 2803 4273 caelis

557 4313 719 4369 sunt
778 4302 1034 4367 similes
1093 4302 1448 4384 scripturis
1503 4304 1573 4365 in
1631 4303 1915 4377 mundo,
1972 4302 2305 4366 similibus
2360 4300 2633 4377 litteris,
2680 4296 2802 4363 sed

555 4418 772 4481 usque
809 4416 947 4461 non
987 4396 1456 4479 intelligibiles
1493 4397 1777 4473 homini,
1816 4398 1975 4481 quia
2012 4406 2171 4460 sunt
2208 4396 2277 4460 in
2316 4394 2552 4479 lingua
2586 4414 2801 4477 ange-

556 4492 712 4567 lica,
751 4503 824 4557 et
863 4492 1098 4575 lingua
1137 4492 1453 4575 angelica
1491 4494 1652 4557 talis
1690 4503 1817 4567 est,
1852 4504 1929 4558 ut
1968 4512 2102 4557 non
2142 4510 2509 4557 commune
2546 4490 2802 4555 habeat

557 4608 712 4653 cum
739 4588 988 4671 linguis
1013 4590 1326 4653 humanis
1364 4587 1458 4671 (n.
1494 4588 1646 4669 237)
1679 4610 1697 4665 ς
1745 4610 1865 4673 per
1894 4588 2173 4653 vocales
2197 4589 2379 4652 enim
2406 4589 2801 4670 exprimunt
