3371 5304
842 618 946 669 DE
982 616 1466 669 SAPIENTIBUS
1504 616 1598 667 ET
1637 614 2103 669 SIMPLICIBUS
2137 618 2221 669 IN
2259 618 2530 671 CAELO.
2703 622 2824 691 207

598 790 714 855 dio
750 810 843 855 ex
880 788 1081 855 caelo
1114 787 1518 863 excludant,
1560 788 1669 851 ubi
1711 786 1878 852 nihil
1919 788 2048 853 nisi
2085 807 2278 852 amor
2315 798 2609 855 mutuus.
2700 788 2832 856 Ca-

597 894 807 951 veant
866 884 1099 967 itaque
1156 903 1199 969 a
1249 882 1503 945 talibus
1561 892 1908 964 parenteS,
1947 883 2060 965 qui
2109 882 2338 947 liberis
2391 884 2530 948 suis
2579 884 2832 949 bonum

597 980 860 1044 volunt.
1781 1017 1788 1026 -

722 1088 923 1157 345.
988 1070 1229 1153 Qualis
1272 1069 1655 1135 differentia
1701 1080 1808 1135 est
1853 1072 2036 1137 inter
2080 1071 2239 1136 illos
2297 1072 2412 1154 qui
2457 1074 2836 1137 moriuntur

597 1168 917 1241 infantes,
973 1176 1044 1231 et
1111 1167 1223 1249 qui
1286 1167 1664 1229 moriuntur
1731 1165 1968 1243 adulti,
2031 1167 2240 1229 etiam
2307 1167 2591 1231 dicetur.
2703 1167 2836 1249 Qui

600 1262 979 1325 moriuntur
1036 1261 1276 1336 adulti,
1338 1260 1437 1323 illi
1497 1260 1775 1343 planum
1834 1281 1926 1323 ex
1991 1260 2302 1324 terrestri
2367 1270 2440 1324 et
2499 1262 2837 1326 materiali

598 1358 857 1421 mundo
892 1358 1295 1437 acquisitum
1332 1356 1615 1429 habent,
1649 1374 1728 1418 ac
1771 1373 2002 1418 secum
2034 1354 2280 1419 ferunt.
2374 1355 2528 1421 Hoc
2560 1356 2836 1438 planum

598 1461 708 1514 est
768 1453 1097 1514 memoria
1142 1470 1377 1513 eorum
1438 1460 1511 1513 et
1572 1448 1715 1531 ejus
1773 1447 2041 1513 affectio
2101 1446 2428 1513 naturalis
2488 1470 2836 1532 corporea.

603 1545 757 1609 Hoc
792 1543 1003 1607 fixum
1036 1553 1292 1619 manet,
1318 1553 1390 1607 et
1430 1554 1592 1608 tunc
1618 1544 1905 1625 quiescit
1934 1564 1950 1621 ;
1990 1552 2066 1607 at
2099 1564 2310 1625 usque
2336 1545 2618 1608 inservit
2649 1548 2837 1627 cogi-

600 1640 849 1703 tationi
895 1658 1129 1703 eorum
1176 1648 1333 1719 post
1380 1648 1675 1701 mortem
1722 1658 1846 1720 pro
1892 1637 2100 1720 plano
2147 1638 2412 1713 ultimo,
2455 1658 2612 1703 narn
2657 1640 2728 1705 in
2771 1642 2838 1703 id

600 1734 939 1815 cogitatio
976 1732 1215 1798 influit.
1306 1732 1475 1797 Inde
1514 1742 1645 1805 est,
1684 1733 1868 1815 quod
1916 1732 2116 1814 quale
2163 1733 2230 1795 id
2277 1733 2556 1814 planum
2597 1744 2728 1811 est,
2768 1745 2840 1799 et

600 1830 893 1913 qualiter
938 1827 1299 1901 rationale,
1348 1844 1503 1891 cum
1548 1827 1682 1889 illis
1729 1846 1903 1909 quae
1947 1826 2038 1889 ibi
2087 1838 2272 1903 sunt,
2323 1830 2839 1911 correspondet,

601 1924 765 1989 talis
794 1934 951 2005 post
991 1934 1283 1987 mortem
1320 1922 1411 1985 sit
1448 1921 1677 1984 home.
1771 1921 2078 1986 Infantes
2115 1932 2345 1985 autem
2384 1923 2498 2004 qui
2543 1922 2842 1987 infantes

602 2018 853 2081 mortui
887 2026 1069 2090 sunt,
1103 2026 1176 2079 et
1214 2015 1489 2079 educati
1520 2018 1587 2079 in
1626 2014 1845 2091 cae10,
1887 2034 2024 2079 non
2065 2015 2206 2079 tale
2241 2014 2520 2099 planum
2552 2016 2838 2092 habent,

602 2112 721 2175 sed
771 2112 1052 2194 planum
1098 2108 1415 2173 naturale
1461 2110 1836 2194 spirituale,
1883 2111 2204 2193 quoniam
2256 2109 2424 2173 nihil
2469 2109 2754 2174 trahunt
2801 2132 2844 2175 a

606 2204 943 2269 materiali
980 2206 1237 2267 mundo
1272 2212 1342 2267 et
1387 2206 1700 2269 terrestri
1737 2224 2063 2287 corpore:
2128 2214 2546 2288 quapropter
2590 2224 2728 2269 non
2773 2206 2842 2269 in

605 2310 750 2363 tam
796 2299 1043 2363 crassis
1103 2294 1573 2361 affeEtionibus
1628 2307 1705 2362 et
1757 2299 1916 2362 inde
1963 2299 2506 2381 cogitationibus
2552 2308 2844 2382 possunt

605 2414 795 2473 esse;
858 2393 1141 2457 trahunt
1189 2394 1370 2455 enim
1420 2394 1651 2456 omnia
1696 2413 1786 2456 ex
1836 2392 2053 2457 caelo·
2147 2394 2512 2457 Praeterea
2549 2393 2844 2457 infantes

603 2490 929 2570 ignorant
959 2488 1139 2572 quod
1173 2489 1320 2550 nati
1350 2488 1489 2551 sint
1523 2488 1591 2552 in
1625 2489 1920 2567 mundo;
1969 2508 2176 2571 quare
2215 2508 2291 2552 se
2321 2488 2610 2552 credunt
2639 2496 2844 2551 natos

604 2582 673 2646 in
709 2582 906 2646 caelo
928 2604 945 2662 ;
998 2582 1177 2645 unde
1222 2602 1347 2645 nec
1396 2582 1622 2645 sciunt
1660 2582 1820 2666 quid
1865 2582 2000 2645 alia
2038 2584 2366 2647 nativitas
2407 2601 2610 2666 quam
2647 2583 2842 2666 spiri-

605 2677 827 2751 tualiS,
860 2699 1033 2760 quae
1073 2675 1148 2740 fit
1188 2696 1306 2758 per
1342 2679 1777 2760 cognitiones
1811 2679 1971 2742 boni
2014 2688 2086 2742 et
2123 2679 2288 2752 veri,
2325 2687 2398 2742 et
2435 2697 2557 2760 per
2586 2677 2844 2740 intelli-

604 2772 911 2854 gentiam
958 2782 1028 2836 et
1076 2771 1510 2853 sapientiam,
1551 2794 1645 2838 ex
1689 2773 1930 2856 quibus
1968 2773 2178 2836 horno
2217 2782 2327 2837 est
2374 2773 2584 2836 homo
2609 2794 2626 2850 ;
2671 2771 2842 2836 haec

607 2867 763 2949 quia
796 2886 835 2928 a
872 2865 1173 2929 Domino
1198 2875 1380 2940 sunt,
1410 2867 1702 2931 credunt
1735 2878 1806 2931 et
1845 2877 2080 2931 amant
2107 2867 2290 2950 quod
2331 2866 2556 2947 Ipsius
2588 2864 2844 2930 Domni

606 2962 764 3024 sint.
856 2957 991 3022 Sed
1054 2981 1261 3043 usque
1308 2969 1535 3024 status
1580 2959 1930 3025 hominum
1989 2962 2102 3044 qui
2149 2962 2216 3024 in
2273 2959 2522 3024 tellure
2567 2959 2842 3023 adoles-

604 3061 789 3128 cunt,
827 3051 967 3116 fieri
1012 3063 1243 3135 potest
1280 3075 1496 3137 aeque
1543 3051 1906 3138 perfectuS,
1954 3065 2028 3119 ut
2075 3065 2302 3118 status
2339 3055 2678 3120 infantum
2729 3053 2843 3137 qui

606 3149 673 3212 in
712 3147 929 3223 caelo,
978 3148 1034 3210 si
1080 3147 1177 3212 illi
1224 3167 1591 3230 corporeos
1637 3159 1710 3214 et
1755 3159 2116 3214 terrestres
2164 3169 2458 3223 amoreS,
2499 3150 2612 3234 qui
2679 3158 2840 3212 sunt

605 3261 875 3306 amores
920 3244 1021 3306 sui
1066 3251 1137 3306 et
1184 3243 1436 3318 mundi,
1484 3252 1868 3319 removent,
1915 3255 1988 3308 et
2049 3243 2208 3308 loco
2255 3243 2526 3307 illorum
2572 3262 2840 3308 amores

607 3336 995 3420 spirituales
1033 3337 1390 3420 recipiunt.

1480 3800 1954 3888 [xxxv111.]

820 3987 935 4053 DE
980 3987 1483 4052 SAPmNTmus
1526 3999 1625 4050 ET
1671 3985 2152 4051 S1MPL1c1nus
2197 3999 2282 4050 m
2328 3985 2611 4052 CAELo.

732 4181 938 4265 346·
990 4179 1303 4246 Creditur
1337 4179 1519 4262 quod
1558 4179 1906 4259 sapientes
1943 4178 2236 4262 gloriam
2273 4189 2346 4244 et
2391 4180 2835 4245 eminentiam

609 4297 772 4360 prae
809 4275 1227 4357 simplicibus
1272 4274 1340 4338 in
1395 4271 1591 4336 caelo
1635 4272 1932 4336 habituri
1969 4273 2132 4350 sint,
2172 4275 2326 4357 quia
2375 4275 2621 4339 dicitur
2654 4276 2836 4358 apud

606 4369 977 4446 Danielem,

708 4507 1127 4572 “intelligentes
1174 4508 1533 4572 splendebunt
1579 4509 1716 4558 sicut
1760 4507 2048 4573 splendore
2083 4509 2343 4574 expansi:
2388 4517 2444 4560 et
2483 4507 2838 4574 justificantes

874 4575 1073 4626 multos
1096 4575 1235 4624 sicut
1258 4574 1447 4624 stellae
1473 4575 1527 4623 in
1552 4573 1876 4624 aeternum”
1899 4575 2007 4636 (xii.
2033 4574 2110 4638 3):
