3371 5304
1114 643 1214 694 DE
1264 641 1769 694 REGIMINIBUS
1816 640 1897 692 IN
1942 639 2218 692 CAELO.
2672 639 2785 706 125

541 838 809 902 organo
875 815 1206 882 sensorio.
1295 813 1486 878 Sicut
1553 813 1785 878 variae
1848 810 2092 876 horum
2152 809 2791 876 administrationes

541 921 704 978 sunt
748 914 820 976 in
865 930 1176 992 corpore,
1217 910 1316 974 ita
1362 929 1631 992 quoque
1677 907 1908 972 variae
1946 906 2583 970 administrationes
2628 914 2791 968 sunt

541 1008 958 1073 societatum
1007 1006 1074 1069 in
1114 1005 1426 1069 Maximo
1467 1002 1792 1078 Homine,
1834 1004 1945 1085 qui
1989 1011 2097 1066 est
2138 1000 2427 1076 caelum,
2470 1019 2629 1064 nam
2674 1021 2788 1064 so-

541 1104 840 1168 cietates
875 1109 1038 1166 sunt
1074 1119 1248 1185 quae
1287 1099 1422 1164 illis
1461 1098 2024 1180 correspondent.
2117 1095 2323 1178 Quod
2362 1095 2789 1178 Correspon-

542 1198 780 1262 dentia
825 1197 1127 1260 omnium
1167 1193 1360 1259 Caeli
1404 1195 1494 1258 sit
1535 1212 1690 1258 cum
1730 1193 2046 1256 omnibus
2088 1191 2431 1268 Hominis,
2472 1191 2791 1255 videatur

539 1294 608 1356 in
671 1312 796 1356 suo
853 1291 1145 1356 articulo
1209 1288 1463 1372 (supra,
1515 1310 1580 1352 n.
1643 1285 1949 1370 87—102).
2040 1285 2180 1350 Sed
2232 1307 2475 1350 omnes
2532 1287 2791 1351 formae

539 1387 892 1470 regiminis
935 1388 1004 1450 in
1051 1407 1136 1450 eo
1181 1385 1628 1459 conveniunt,
1663 1382 1849 1466 quod
1896 1379 2215 1465 spectent
2262 1381 2517 1445 bonum
2565 1382 2787 1465 publi-

539 1501 694 1546 cum
733 1492 808 1547 ut
847 1480 1076 1557 finem,
1110 1489 1182 1545 et
1221 1481 1290 1543 in
1322 1479 1444 1544 illo
1474 1480 1731 1544 bonum
1765 1477 2061 1560 cujusvis
2086 1473 2176 1556 ;(7’
2222 1486 2294 1543 et
2332 1475 2465 1541 hoc
2500 1477 2599 1554 fit,
2633 1477 2791 1563 quia

541 1597 784 1641 omnes
843 1578 911 1640 in
974 1575 1294 1639 universo
1336 1573 1534 1637 caelo
1593 1573 1722 1637 sub
1768 1573 2070 1656 auspicio
2117 1571 2397 1636 Domini
2443 1581 2627 1647 sunt,
2676 1573 2791 1655 qui

540 1681 728 1736 amat
775 1691 1041 1746 omneS,
1088 1681 1162 1736 et
1224 1691 1316 1733 ex
1370 1668 1624 1733 Divino
1669 1667 1934 1732 Amore
1980 1667 2254 1732 ordinat
2300 1677 2378 1732 ut
2423 1685 2791 1731 commune

539 1767 798 1830 bonum
835 1767 923 1830 sit
959 1787 1050 1830 ex
1087 1786 1224 1850 quo
1261 1763 1512 1848 singuli
1549 1782 1747 1826 suum
1778 1762 2036 1827 bonum
2068 1763 2412 1846 accipiant
2441 1783 2459 1841 ;
2506 1763 2789 1845 quisque

538 1867 752 1930 etiam
783 1865 1038 1948 accipit
1075 1865 1332 1930 bonum
1369 1865 1546 1928 sicut
1580 1872 1771 1928 amat
1808 1881 2215 1941 commune3
2264 1883 2423 1926 nam
2456 1871 2789 1946 quantum

539 1961 688 2044 quis
717 1969 908 2026 amat
946 1979 1332 2034 commune,
1366 1968 1646 2023 tantum
1684 1966 1873 2022 amat
1909 1978 2153 2023 omnes
2189 1967 2263 2023 et
2309 1957 2661 2042 singulos:
2717 1967 2788 2022 et

429 2049 448 2075 ⁸
539 2057 696 2139 quia
740 2057 796 2120 is
840 2075 1035 2120 amor
1071 2065 1177 2119 est
1218 2054 1520 2129 Domini,
1560 2051 1719 2118 ideo
1757 2062 2031 2118 tantum
2068 2063 2342 2118 amatur
2386 2075 2429 2118 a
2466 2053 2786 2138 Domino,

539 2161 612 2216 et
649 2153 710 2216 ei
748 2151 1006 2217 bonum
1043 2149 1142 2215 fit.

666 2246 853 2312 218·
919 2245 1034 2311 Ex
1094 2246 1202 2312 his
1253 2255 1573 2312 constare
1619 2253 1878 2329 potest,
1925 2245 2165 2331 quales
2210 2243 2535 2330 praefecti
2582 2254 2785 2322 sunt:

538 2342 722 2424 quod
761 2360 1009 2423 nempe
1048 2342 1188 2408 sint
1223 2343 1336 2425 qui
1381 2343 1450 2405 in
1498 2361 1735 2406 amore
1780 2351 1852 2406 et
1912 2343 1980 2406 in
2040 2342 2381 2425 sapientia
2424 2351 2587 2406 sunt
2625 2361 2786 2424 prae

538 2435 836 2520 reliquiS,
877 2437 976 2500 ita
1019 2438 1132 2520 qui
1177 2459 1270 2502 ex
1315 2455 1550 2501 amore
1587 2437 1833 2500 volunt
1878 2437 2197 2502 omnibus
2241 2438 2525 2512 bonum,
2574 2448 2647 2501 et
2694 2456 2785 2500 ex

539 2531 878 2612 sapientia
907 2532 1133 2596 sciunt
1167 2533 1556 2615 prospicere
1595 2541 1670 2596 ut
1708 2533 1776 2596 id
1822 2531 1963 2596 fiat.
2056 2529 2189 2612 Qui
2222 2531 2404 2596 tales
2436 2540 2619 2608 sunt,
2649 2549 2787 2594 non

539 2625 985 2691 dominantur
1024 2636 1095 2691 et
1134 2627 1500 2711 imperant,
1537 2628 1662 2692 sed
1710 2629 2106 2693 ministrant
2145 2636 2217 2691 et
2263 2627 2591 2704 serviunt,
2627 2645 2787 2691 nam

536 2720 794 2813 bonum
836 2720 1062 2787 facere
1107 2723 1259 2787 aliis
1304 2744 1395 2788 ex
1443 2742 1677 2787 amore
1716 2725 1878 2787 boni
1924 2732 2034 2787 est
2078 2723 2356 2799 servire,
2398 2731 2469 2787 et
2516 2722 2784 2804 prospi-

537 2834 691 2879 cere
731 2826 807 2881 ut
845 2816 913 2880 id
953 2816 1074 2881 fiat
1112 2826 1224 2881 est
1262 2818 1695 2897 ministrare;
1740 2819 1841 2883 illi
1888 2838 2015 2883 nec
2062 2838 2137 2883 se
2184 2816 2476 2899 majores
2513 2816 2787 2898 reliquis

542 2911 822 2987 faciunt,
862 2912 984 2975 sed
1025 2912 1345 2989 minoreS,
1387 2933 1546 2976 nam
1587 2915 1793 2996 priori
1833 2913 1991 2978 loco
2020 2913 2279 2977 bonum
2317 2912 2669 2976 societatis
2714 2919 2787 2975 et

539 3007 834 3088 proximi
881 3006 1166 3083 habent,
1209 3010 1570 3091 posteriori
1608 3018 1843 3073 autem
1880 3027 2117 3087 suum3
2164 3006 2349 3090 quod
2387 3006 2592 3090 priori
2630 3005 2787 3070 loco

538 3110 645 3165 est
690 3100 904 3183 majus
964 3110 1100 3179 est,
1140 3102 1323 3185 quod
1370 3104 1734 3188 posteriori
1782 3104 2023 3169 minus.
2112 3102 2350 3186 Usque
2397 3112 2630 3165 tamen
2678 3111 2787 3165 est

539 3194 674 3258 illis
711 3195 932 3259 honor
969 3206 1038 3260 et
1076 3196 1335 3279 gloria3
1385 3196 1705 3262 habitant
1744 3198 1811 3261 in
1852 3198 2081 3263 medio
2116 3198 2499 3273 societatiS,
2538 3196 2789 3261 editius

538 3310 742 3373 quam
779 3288 1042 3373 reliqui,
1082 3299 1154 3355 et
1191 3313 1462 3375 quoque
1509 3294 1578 3356 in
1625 3292 2010 3374 magnificis
2049 3292 2365 3374 palatiis-‚3
2414 3300 2785 3373 acceptant
2888 3314 2893 3321 ·

539 3385 746 3447 etiam
787 3385 966 3449 hanc
1005 3385 1298 3469 gloriam
1337 3396 1409 3452 et
1457 3387 1648 3451 illum
1685 3387 2044 3463 honorem,
2086 3396 2159 3453 at
2208 3406 2345 3451 non
2385 3396 2669 3471 propter
2713 3406 2787 3449 se

537 3477 659 3543 sed
693 3491 974 3564 propter
1009 3482 1478 3547 obedientiam
1506 3504 1521 3547 τ
1571 3486 1799 3547 sciunt
1838 3484 2018 3549 enim
2051 3502 2295 3548 omnes
2327 3482 2416 3547 ibi
2448 3482 2632 3566 quod
2670 3480 2787 3545 ille

540 3573 760 3639 honor
796 3586 868 3639 et
907 3575 1027 3639 illa
1063 3576 1286 3659 gloria
1321 3577 1454 3642 illis
1491 3578 1578 3642 sit
1619 3598 1658 3641 a
1706 3577 2028 3653 Domine,
2068 3590 2139 3643 et
2186 3578 2369 3661 quod
2414 3576 2573 3641 ideo
2617 3576 2784 3639 obe-

1339 3776 1420 3831 (Β
1436 3787 1634 3821 anemis
1653 3780 1983 3831 camum.)

645 3878 736 3947 (y)
892 3877 972 3932 od
999 3878 1198 3935 omnis
1223 3878 1410 3935 homo
1445 3890 1508 3934 et
1543 3880 1817 3943 societas,
1845 3892 1973 3935 tum
2002 3880 2195 3951 patria
2228 3889 2292 3937 et
2326 3879 2595 3943 ecclesia,
2623 3889 2687 3935 et
2726 3880 2785 3934 in

537 3947 812 4002 universa
837 3949 854 4001 i
881 3964 1063 4004 sensu
1090 3965 1338 4035 regnum
1363 3948 1625 4011 Domini.
1647 3952 1728 4005 sit
1748 3952 2085 4022 proximusz
2122 3961 2186 4007 et
2215 3952 2377 4023 quod
2406 3951 2523 4006 illis
2545 3950 2787 4007 benefa-

535 4032 670 4073 cere
700 4034 776 4072 ex
805 4034 1010 4075 amore
1040 4020 1183 4075 bom
1211 4023 1538 4076 secundum
1572 4021 1751 4093 quale
1778 4032 1975 4077 status
1998 4038 2224 4083 eorum.
2250 4022 2329 4077 sit
2359 4038 2561 4079 amare
2588 4022 2787 4093 proxi-

538 4102 739 4151 mum;
790 4090 875 4143 ita
910 4092 1073 4161 quod
1104 4092 1331 4146 bonum
1367 4092 1624 4155 illorum,
1650 4094 1815 4164 quod
1847 4094 2030 4149 etiam
2060 4104 2155 4149 est
2187 4094 2415 4149 bonum
2445 4108 2787 4155 commune,

535 4160 633 4213 cui
658 4160 1118 4224 consulendum,
1146 4162 1228 4217 sit
1253 4164 1564 4234 proximus
1593 4166 1674 4233 (n.
1701 4163 2040 4232 6818-6824,
2068 4164 2252 4233 8123).

641 4226 821 4303 Quod
848 4232 1031 4287 etiam
1049 4233 1275 4288 bonum
1295 4234 1486 4297 civile,
1503 4234 1668 4307 quod
1695 4246 1789 4289 est
1806 4235 2061 4308 justum,
2080 4234 2161 4291 sit
2188 4234 2496 4307 proximus
2525 4236 2608 4305 (n.
2630 4246 2785 4304 2915,

533 4300 1273 4460 4⁷3l'nc8igagutgg]c{¹·a²153as
1298 4391 1442 4448 erga
1472 4376 1813 4447 proximum
1838 4393 1903 4434 se
1928 4377 2218 4433 extendat
2241 4376 2319 4432 ad
2344 4375 2551 4433 omnia
2576 4384 2641 4431 et
2663 4375 2785 4432 sin-

615 4442 673 4498 la
698 4453 858 4499 vitae
875 4444 1154 4509 hominis,
1176 4456 1239 4502 et
1263 4448 1428 4533 quod
1450 4463 1653 4502 amare
1668 4448 1895 4503 bonum
1922 4458 1986 4504 et
2009 4448 2206 4505 facere
2224 4449 2450 4504 bonum
2478 4464 2553 4503 ex
2579 4462 2787 4503 amore

615 4514 677 4599 ni
698 4524 761 4569 et
778 4515 923 4599 veri,
940 4525 1002 4571 et
1021 4532 1262 4589 quoque
1279 4528 1508 4589 justum
1529 4534 1604 4573 ex
1623 4534 1829 4574 amore
1842 4519 2005 4589 justi,
2024 4519 2083 4574 in
2105 4536 2340 4645 guacun
2386 4537 2461 4576 ue
2477 4516 2787 4574 functione

533 4594 599 4639 et
623 4601 682 4639 m
708 4602 874 4641 omm
900 4602 1098 4655 opere,
1115 4588 1196 4643 sit
1220 4604 1424 4644 amare
1449 4590 1791 4659 proximum
1822 4591 1901 4660 (n.
1932 4604 2085 4657 2417.
2155 4604 2245 4644 121
2280 4590 2339 4661 [a
2380 4590 2401 4660 ]
2430 4590 2614 4658 8124).
