3371 5304
567 655 650 702 22
1207 649 1311 702 DE
1355 647 1608 702 canno
1653 648 1751 699 m·
1796 619 2169 700 juranno.

568 850 747 895 nune
793 827 1238 913 sequentibus
1283 827 1568 893 dicetur.
1657 825 1909 912 Regna
1950 825 2289 904 dicuntur,
2336 825 2497 909 quia
2544 822 2811 890 caelum

566 933 854 990 vocatur
894 923 1273 1006 “Regnum
1314 921 1500 986 Dei.”

693 1036 825 1088 ΩΙ.
884 1017 1061 1084 Sunt
1098 1017 1329 1100 angeli
1366 1016 1479 1101 qui
1515 1016 1803 1080 interius
1842 1015 2063 1099 magis
2096 1024 2173 1080 et
2216 1015 2437 1080 minus
2475 1015 2814 1100 recipiunt

568 1115 894 1178 Divinum
931 1134 974 1178 a
1018 1113 1320 1176 Domino
1355 1113 1787 1195 procedens3
1840 1111 1954 1195 qui
1992 1111 2213 1194 magis
2250 1111 2535 1176 interius
2570 1112 2814 1194 recipi-

565 1221 712 1286 unt,
739 1219 1079 1274 vocantur
1101 1207 1330 1292 angeli
1362 1207 1823 1282 caelestes,.at
1855 1209 1969 1291 qui
2000 1209 2221 1270 minus
2244 1207 2526 1271 interius
2556 1226 2809 1270 vocan-

567 1315 678 1371 tur
736 1305 968 1388 angeli
1013 1305 1442 1387 spirituales:
1513 1301 1673 1366 inde
1735 1301 2003 1365 caelum
2044 1303 2493 1383 distinguitur
2550 1303 2617 1366 in
2676 1303 2815 1367 duo

564 1421 803 1484 regna,
843 1419 1129 1483 quorum
1176 1418 1384 1462 unum
1429 1409 1717 1462 vocatur
1758 1397 2071 1479 Regnum
2120 1395 2459 1472 Cae-testu
2518 1397 2812 1462 alterum

564 1495 879 1579 Regnum
915 1490 1390 1576 Spirituale.(“)

693 1607 823 1656 Μ.
883 1589 1146 1672 Angeli
1191 1587 1305 1671 qui
1341 1607 1628 1670 regnum
1669 1585 1973 1650 caeleste
2012 1587 2466 1661 constituunt,
2506 1588 2664 1670 quia
2706 1588 2814 1651 in·

566 1689 778 1754 terius
824 1687 1046 1768 magis
1091 1685 1430 1766 recipiunt
1478 1684 1800 1747 Divinum
1848 1684 2148 1758 Domini,
2199 1694 2533 1749 vocantur
2582 1683 2813 1766 angeli

566 1785 930 1849 interiores
969 1793 1038 1846 et
1077 1801 1343 1864 quoque
1381 1781 1803 1863 superiores;
1851 1801 1930 1844 ac
1972 1779 2127 1844 inde
2166 1781 2376 1844 etiam
2416 1779 2611 1856 caeli,
2640 1801 2813 1864 quos

567 1880 1021 1952 constituunt,
1091 1884 1426 1939 vocantur
1490 1875 1664 1939 caeli
1731 1877 2089 1941 interiores
2156 1896 2236 1940 ac
2306 1873 2812 1959 superioresM>

570 1974 774 2057 Quod
814 1973 1194 2054 superiores
1239 1979 1312 2035 et
1357 1971 1707 2036 inferiores
1746 1972 2086 2047 dicantur,
2127 1981 2237 2037 est
2282 1974 2441 2057 quia
2486 1973 2815 2037 interiora

565 2081 637 2136 et
672 2071 1021 2134 exteriora
1057 2068 1154 2132 ita
1191 2063 1647 2130 vocantur.(“)

689 2179 827 2249 23.
889 2163 1111 2227 Amor
1154 2163 1220 2225 in
1268 2182 1405 2244 quo
1449 2171 1610 2226 sunt
1656 2163 1769 2244 qui
1813 2162 1880 2226 in
1928 2183 2145 2246 regno
2182 2162 2488 2240 caelesti,
2527 2173 2815 2228 vocatur

565 2281 756 2326 amor
781 2259 1138 2336 caelestis;
1185 2267 1258 2321 et
1289 2277 1480 2320 amor
1509 2257 1578 2320 in
1611 2277 1747 2339 quo
1771 2268 1931 2321 sunt
1963 2259 2074 2340 qui
2105 2259 2172 2321 in
2204 2279 2422 2341 regno
2454 2261 2810 2342 spirituali,

561 2367 850 2420 vocatur
872 2375 1063 2419 amor
1087 2353 1497 2436 spiritualis:
1545 2372 1739 2416 amor
1764 2353 2081 2417 caelestis
2108 2363 2215 2418 est
2248 2375 2439 2418 amor
2469 2357 2537 2419 in
2570 2355 2811 2420 Domi·

563 2471 746 2526 num,
784 2460 856 2514 et
894 2470 1086 2513 amor
1123 2447 1494 2530 spiritualis
1533 2457 1641 2510 est
1680 2447 1984 2513 charitas
2016 2468 2185 2530 erga
2215 2451 2625 2531 proximum.
2715 2451 2811 2516 Et

563 2547 720 2629 quia
757 2564 961 2609 omne
1000 2546 1256 2609 bonum
1293 2555 1401 2608 est
1439 2544 1711 2620 amoriS‚
1748 2563 1907 2607 nam
1939 2545 2119 2626 quod
2158 2544 2397 2628 aliquis
2434 2554 2644 2620 amat,
2678 2546 2811 2610 hoc

565 2643 625 2707 ei
665 2641 920 2706 bonum
959 2649 1088 2715 est,
1124 2640 1284 2705 ideo
1321 2640 1532 2704 etiam
1572 2639 1827 2704 bonum
1866 2641 2061 2704 unius
2099 2640 2291 2723 regni
2329 2650 2617 2704 vocatur
2653 2659 2810 2704 cae-

566 2738 764 2813 leste,
805 2748 878 2802 et
917 2737 1197 2801 alterius
1236 2737 1490 2801 bonum
1529 2736 1902 2817 spirituale.
1994 2736 2165 2801 Inde
2204 2740 2422 2817 p'atet,
2462 2738 2529 2800 in
2567 2753 2702 2820 quo
2736 2758 2813 2801 se

563 2834 1001 2916 distinguunt
1033 2832 1192 2897 bina
1221 2831 1342 2895 illa
1371 2850 1606 2913 regna,
1634 2832 1816 2914 quod
1852 2851 2097 2914 nempe
2130 2833 2307 2895 sicut
2340 2831 2593 2895 bonum
2620 2852 2810 2895 amo-

563 2931 654 2994 ris
699 2931 766 2993 in
816 2930 1209 3003 Dominum,
1249 2937 1321 2991 et
1367 2925 1623 2991 bonum
1663 2926 2025 2991 charitatis
2069 2948 2236 3016 erga
2282 2916 2811 3012 proxim'umzffll

565 3034 638 3091 et
681 3026 838 3107 quia
881 3024 1050 3088 illud
1095 3024 1351 3087 bonum
1390 3032 1498 3085 est
1545 3022 1831 3087 interius
1868 3022 2147 3098 bonum,
2188 3030 2260 3085 et
2306 3021 2421 3085 ille
2467 3041 2660 3085 amor
2704 3031 2812 3086 est

563 3122 849 3185 interior
881 3139 1095 3194 amor,
1131 3120 1288 3182 ideo
1320 3117 1554 3200 angeli
1585 3118 1928 3182 caelestes
1961 3128 2123 3203 sunt
2159 3117 2392 3200 angeli
2428 3118 2809 3193 interiores,

563 3226 636 3282 et
671 3226 1008 3280 vocantur
1043 3215 1442 3298 superiores·

691 3321 828 3390 24.
890 3310 1209 3392 Regnum
1246 3308 1552 3374 caeleste
1590 3307 1800 3372 etiam
1838 3318 2126 3373 vocatur
2160 3328 2449 3391 regnum
2488 3308 2811 3373 sacerdo-

563 3403 705 3469 tale
739 3405 1038 3481 Domini,
1073 3415 1146 3470 et
1177 3406 1246 3469 in
1278 3403 1516 3468 Verbo
1545 3403 2071 3497 “habitaculum
2105 3403 2388 3487 IpsiuS,”
2419 3414 2490 3469 et
2523 3423 2810 3487 regnum

1381 3644 1460 3697 (εκ
1483 3654 1679 3687 nmis
1701 3644 2035 3695 amm.)

670 3747 776 3817 (ee)
815 3743 994 3820 Quod
1021 3746 1252 3803 caelum
1280 3745 1342 3801 in
1365 3756 1504 3803 toto
1531 3746 1589 3802 in
1617 3748 1743 3803 duo
1767 3762 1951 3819 regna
1973 3742 2329 3802 distinctum
2354 3746 2450 3810 sit,
2472 3746 2533 3802 in
2560 3761 2811 3818 regnum

563 3819 826 3875 caeleste
849 3829 914 3878 et
939 3819 999 3874 in
1027 3834 1275 3891 regnum
1303 3818 1615 3888 spirituale
1637 3819 1721 3888 (n.
1743 3817 1899 3887 3887,
1916 3832 1981 3886 4¹
1992 3818 2103 3887 38).

669 3888 852 3963 Quod
883 3889 1081 3961 angeli
1113 3889 1278 3961 regni
1303 3888 1582 3945 caelestis
1608 3889 1899 3960 recipiant
1926 3888 2211 3944 Divinum
2242 3886 2489 3943 Domini
2536 3886 2595 3942 in
2641 3898 2813 3959 parte

563 3960 922 4023 voluntaria,
945 3961 1028 4015 ita
1053 3959 1305 4015 interius
1325 3976 1504 4031 quam
1531 3959 1727 4033 angeli
1748 3957 2103 4030 spirituales,
2123 3959 2226 4032 qui
2253 3959 2549 4031 recipiunt
2577 3958 2724 4015 illud
2750 3958 2811 4015 in

563 4040 734 4102 parte
760 4028 1147 4088 intellectuali
1177 4034 1257 4101 (n.
1288 4042 1441 4101 5113,
1467 4030 1626 4101 6367,
1653 4031 1811 4101 8521,
1835 4030 2030 4102 9935[?
2056 4030 2239 4101 9936].
2265 4042 2424 4100 9995,
2457 4032 2670 4099 10124).

671 4133 806 4205 (ff)
848 4131 1029 4206 Quod
1047 4132 1216 4195 caeli.
1237 4133 1339 4205 qui
1361 4133 1745 4188 constituunt
1762 4148 1909 4205 regn
1918 4148 2018 4186 um
2038 4131 2315 4193 caeleste.
2337 4132 2619 4186 dicantur
2634 4146 2812 4203 supe·-

563 4202 788 4269 riores;
821 4204 925 4276 qui
951 4213 1153 4261 autem
1179 4220 1433 4277 regnum
1457 4204 1783 4276 spirituale,
1808 4202 2118 4259 inferiores
2144 4204 2228 4273 (n.
2260 4202 2473 4272 10068).

599 4375 612 4390 .
672 4304 813 4429 (ἕξ)
852 4304 1034 4391 Quod
1051 4304 1336 4391 interiora
1349 4307 1763 4378 exprimantur
1778 4322 1884 4377 per
1901 4305 2226 4377 superiora.
2246 4315 2310 4361 et
2322 4304 2487 4376 quod
2504 4304 2815 4377 superiora

563 4392 720 4449 signi
765 4387 908 4432 cent
933 4388 1218 4433 interiora
1243 4378 1325 4449 (n.
1351 4377 1508 4445 2148,
1537 4377 1691 4447 3084.
1716 4390 1875 4447 4599.
1907 4375 2059 4447 5146,
2085 4376 2270 4447 8325).

675 4476 803 4547 (hh)
844 4476 1022 4551 Quod
1049 4480 1276 4535 bonum
1300 4495 1329 4533 r
1406 4478 1466 4533 ni
1485 4477 1763 4534 caelestis
1781 4478 1863 4534 sit
1881 4479 2107 4534 bonum
2128 4476 2351 4533 amoris
2375 4476 2437 4532 in
2461 4475 2808 4539 Dominum.

563 4556 628 4605 et
656 4548 882 4605 bonum
915 4550 1081 4622 regni
1111 4550 1364 4620 spiritua
1391 4550 1440 4605 is
1468 4550 1550 4605 sit
1579 4550 1807 4605 bonum
1836 4549 2151 4607 charitatis
2178 4564 2325 4623 erga
2354 4548 2692 4623 proximum
2726 4548 2810 4617 (n.

566 4616 722 4692 ³69¹·
747 4620 905 4691 ⁶4³5-
933 4620 1089 4690 9468»
1115 4620 1273 4692 9680·
1299 4620 1457 4692 9⁶8³·
1477 4620 1666 4691 9780)-
