3371 5304
461 591 582 657 108
1096 602 1200 655 nn
1245 601 1498 654 CAELO
1544 603 1642 653 m·
1690 603 2056 655 mmnno.

443 787 630 852 sunt,
669 786 748 842 ut
792 775 1108 843 homines
1143 775 1273 840 visi
1315 785 1518 855 πυτς
1575 775 1897 842 similiter
1936 775 2295 854 Dominus,
2331 777 2449 862 qui
2490 796 2697 845 omne

448 872 846 938 Humanum
885 890 1081 935 suum
1119 869 1367 936 Secum
1399 872 1817 955 assumpsit3
1854 881 1930 938 et
1967 873 2125 956 quia
2161 872 2475 939 homines
2512 885 2695 952 sunt,

442 968 627 1052 quod
665 966 1062 1031 mansiones
1099 975 1172 1031 et
1209 965 1608 1032 habitacula
1643 965 1779 1031 illis
1816 967 1978 1044 sint,
2013 977 2087 1032 et
2126 986 2286 1044 non,
2318 970 2697 1034 secundum

446 1062 877 1148 quorundam
933 1062 1301 1138 inscitiam,
1347 1081 1556 1146 quam
1600 1063 1953 1128 vocabant
2000 1062 2359 1140 insaniam,
2396 1063 2700 1130 volitent

445 1160 512 1222 in
546 1176 726 1234 aere,
761 1177 882 1222 seu
912 1157 1098 1241 quod
1129 1157 1319 1221 venti
1352 1157 1637 1222 tametsi
1667 1167 2006 1222 vocantur
2036 1159 2355 1242 spiritus:
2402 1169 2477 1224 et
2512 1159 2698 1244 quod

444 1253 579 1317 hoc
623 1272 874 1336 capere
912 1253 1205 1336 possint,
1246 1253 1458 1316 modo
1499 1263 1709 1317 extra
1752 1273 1877 1316 sua
1920 1253 2252 1336 principia
2294 1253 2383 1318 de
2428 1255 2700 1338 angelis

387 1401 392 1407 .
443 1357 518 1415 et
550 1347 900 1431 spiritibus
929 1357 1141 1430 capta
1171 1347 1516 1429 cogitent,
1549 1347 1737 1430 quod
1775 1347 1851 1411 fit
1888 1367 2044 1414 cum
2080 1367 2217 1412 non
2248 1349 2317 1412 in
2346 1349 2697 1432 quaestio-

445 1463 605 1507 nem
652 1453 724 1507 et
770 1443 896 1506 sub
941 1442 1448 1526 cogitationem
1486 1441 1818 1507 directam
1858 1445 2171 1520 mittunt,
2210 1463 2369 1508 num
2410 1443 2511 1508 ita
2552 1443 2697 1520 sin

444 1547 556 1602 est
587 1538 771 1603 enim
795 1538 1010 1603 cuivis
1041 1539 1198 1602 idea
1221 1539 1626 1613 communis,
1653 1539 1838 1622 quod
1864 1538 2097 1620 angeli
2129 1538 2268 1604 sint
2300 1539 2367 1604 in
2398 1539 2697 1604 humana

442 1631 684 1710 forma,
717 1641 791 1697 et
829 1632 1015 1716 quod
1051 1632 1186 1696 illis
1223 1633 1364 1696 sint
1393 1632 1764 1709 domicilia,
1800 1653 1975 1716 quae
2007 1644 2267 1698 vocant
2302 1633 2699 1698 habitacula

447 1727 646 1804 caeli,
695 1748 873 1811 quae
917 1726 1288 1810 magnifica
1333 1747 1498 1810 prae
1541 1727 1959 1792 habitaculis
2007 1737 2277 1808 terrae3
2344 1729 2467 1794 sed
2513 1729 2695 1812 quod

444 1823 604 1888 idea
645 1822 818 1887 haec
865 1823 1271 1897 communis,
1320 1842 1497 1905 quae
1543 1832 1652 1887 est
1705 1844 1797 1887 ex
1844 1821 2107 1888 influxu
2151 1823 2350 1900 caeli,
2396 1824 2581 1888 illico
2626 1825 2695 1887 in

443 1918 728 1982 nihilum
767 1918 997 1995 cadat,
1039 1937 1195 1982 cum
1233 1918 1533 1982 mittitur
1575 1919 1705 1982 sub
1747 1920 2188 1984 intuitionem
2230 1921 2303 1982 in
2346 1920 2577 1984 medio
2618 1931 2695 1984 et

445 2015 969 2096 cogitationem,
1005 2031 1168 2078 num
1199 2015 1300 2078 ita
1329 2015 1452 2088 sit,
1477 2015 1660 2097 quod
1694 2013 1771 2078 fit
1810 2014 2142 2097 imprimis
2172 2015 2355 2098 apud
2386 2015 2695 2080 eruditos

444 2109 556 2194 qui
595 2131 716 2192 per
753 2111 1099 2192 propriam
1132 2108 1671 2190 intelligentiam
1704 2108 2225 2193 praecluserunt
2260 2110 2391 2176 sibi
2424 2110 2693 2175 caelum

444 2214 518 2268 et
555 2205 736 2268 viam
778 2205 947 2288 lucis
985 2204 1164 2268 inde.
1256 2203 1586 2269 Similiter
1615 2203 1693 2269 fit
1733 2224 1889 2269 cum
1926 2203 2060 2269 fide
2099 2205 2186 2269 de
2223 2205 2371 2270 vita
2399 2204 2695 2270 hominis

443 2310 604 2384 post
648 2310 990 2380 mortem;
1052 2300 1167 2383 qui
1211 2299 1512 2382 loquitur
1557 2300 1644 2364 de
1696 2298 1837 2376 illa,
1877 2309 1950 2364 et
1996 2320 2135 2364 non
2183 2301 2452 2382 cogitat
2491 2302 2691 2366 simul

443 2416 537 2460 ex
583 2396 967 2460 eruditione
1014 2396 1100 2459 de
1161 2396 1412 2471 anima,
1454 2405 1572 2459 aut
1632 2415 1725 2459 ex
1786 2392 2101 2460 doctrina
2160 2395 2248 2460 de
2307 2397 2693 2462 reunitione

445 2493 774 2575 corporis»,
813 2492 1033 2556 credit
1080 2490 1263 2575 quod
1312 2498 1472 2572 post
1521 2499 1819 2554 mortem
1867 2488 2167 2555 victurus
2213 2492 2302 2555 sit
2348 2491 2580 2568 home,
2622 2504 2694 2558 et

442 2588 622 2654 inter
652 2587 943 2673 angelos
975 2588 1031 2650 si
1063 2587 1239 2650 bene
1265 2586 1464 2662 vixit,
1493 2595 1566 2650 et
1598 2587 1782 2671 quod
1817 2596 1981 2651 tunc
2013 2587 2279 2650 visurus
2310 2589 2400 2650 sit
2423 2587 2691 2670 magni-

443 2682 593 2761 fica,
640 2692 714 2749 et
774 2692 1218 2767 percepturus
1261 2682 1558 2764 gaudia3
1621 2683 1745 2746 sed
1792 2692 1869 2747 ut
1928 2684 2219 2765 primum
2266 2680 2569 2765 spectat
2604 2684 2692 2747 ad

444 2777 824 2845 doctrinale
857 2779 943 2843 de
976 2779 1361 2841 reunitione
1392 2778 1723 2860 corporiS,
1758 2786 1877 2842 aut
1910 2778 1998 2841 ad
2036 2777 2571 2861 hypotheticum
2604 2779 2693 2843 de

443 2876 692 2952 anima,
721 2884 793 2941 et
825 2874 1108 2938 obvenit
1141 2874 1480 2955 cogitatio
1513 2892 1673 2937 num
1707 2874 1935 2938 anima
1966 2873 2125 2938 talis
2156 2874 2265 2950 sit,
2292 2885 2367 2938 et
2398 2872 2493 2939 sic
2528 2894 2691 2939 num

441 2972 543 3036 ita
579 2972 689 3047 sit,
731 2970 1103 3051 dissipatur
1137 2967 1280 3051 ejus
1318 2969 1500 3052 prior
1538 2970 1713 3033 idea.

571 3064 764 3148 184·
826 3062 962 3130 Sed
997 3074 1306 3153 praestat
1335 3065 1756 3129 documenta
1780 3066 2255 3148 experientiae
2288 3064 2355 3129 in
2389 3064 2691 3130 medium

442 3158 699 3225 afferre.
791 3158 1086 3243 Quoties
1127 3159 1397 3224 locutus
1437 3178 1585 3223 sum
1631 3178 1788 3223 cum
1826 3160 2093 3243 angelis
2138 3181 2255 3225 ore
2301 3160 2391 3225 ad
2436 3180 2539 3236 οε,
2578 3171 2689 3224 to-

444 3256 576 3322 ties
612 3256 703 3319 fui
740 3272 895 3319 curn
933 3255 1068 3319 illis
1106 3256 1175 3320 in
1213 3275 1449 3319 eorum
1481 3254 1913 3320 habitaculis.
2006 3254 2423 3321 Habitacula
2454 3272 2689 3320 eorum

441 3361 602 3416 sunt
648 3370 926 3434 prorsus
970 3352 1146 3414 sicut
1189 3348 1588 3415 habitacula
1631 3350 1701 3413 in
1747 3348 2018 3428 tellure,
2059 3372 2233 3434 quae
2278 3352 2522 3415 domus
2564 3370 2693 3415 vo-

441 3455 705 3523 cantur,
753 3447 876 3511 sed
923 3446 1355 3529 pulchriora;
1417 3456 1577 3511 sunt
1636 3445 1703 3509 in
1748 3445 1882 3510 illis
1928 3466 2262 3524 camerae,
2310 3444 2687 3523 conclavia,

441 3553 514 3608 et
557 3541 889 3620 cubicula,
931 3562 1188 3627 magno
1225 3562 1531 3617 numer0‚
1572 3550 1645 3605 et
1692 3552 1853 3607 sunt
1891 3542 2088 3619 atria,
2128 3551 2202 3607 et
2249 3542 2690 3606 circumcirca

440 3639 646 3714 horti,
674 3637 936 3715 floreta,
965 3649 1036 3703 et
1066 3640 1308 3721 campi.
1391 3636 1530 3703 Ubi
1557 3638 1937 3702 consociati
1967 3647 2146 3713 sunt,
2172 3638 2264 3702 ibi
2295 3636 2691 3702 habitacula

443 3736 774 3817 contigua
818 3742 1000 3810 sunt,
1050 3754 1256 3797 unum
1295 3732 1499 3817 juxta
1542 3734 1861 3809 alterum,
1904 3733 2242 3815 disposita
2284 3732 2353 3797 in
2400 3732 2685 3797 formam

441 3830 766 3905 civitatis,
807 3849 960 3893 cum
1008 3829 1278 3913 plateis,
1325 3831 1452 3893 viis
1499 3839 1571 3893 et
1615 3828 1799 3904 foriS,
1850 3847 2123 3911 prorsus
2169 3828 2256 3893 ad
2302 3827 2687 3892 similitudi-

442 3945 600 3991 nem
638 3924 901 3989 urbium
937 3926 1004 3988 in
1045 3933 1282 3989 nostra
1317 3924 1608 3989 tellure:
1657 3924 1898 3988 datum
1936 3925 2146 3989 etiam
2184 3933 2291 3990 est
2330 3924 2689 4007 pervagari

440 4020 615 4096 illas,
649 4030 728 4084 et
761 4040 872 4084 me
903 4020 1423 4101 circumspicere
1456 4018 1926 4102 undequaque,
1961 4028 2034 4083 et
2072 4039 2192 4102 per
2220 4018 2403 4083 vices
2436 4020 2689 4083 intrare

441 4116 725 4179 domos:
773 4114 905 4180 hoc
935 4111 1188 4179 sactum
1226 4125 1336 4179 est
1373 4114 1440 4180 in
1477 4114 1685 4198 plena
1714 4114 1969 4197 vigilia,
2004 4133 2157 4178 cum
2188 4114 2473 4179 interior
2506 4114 2691 4181 visus

441 4209 606 4275 mihi
641 4220 919 4305 apertus
956 4205 1234 4273 est.(·‘·¹'·“

1235 4416 1894 4475 tumeamus-mus.)

551 4520 728 4591 (xxx)
779 4518 958 4594 Quod
976 4522 1204 4595 angelis
1223 4522 1347 4577 sint
1365 4522 1658 4585 civitates,
1677 4520 1915 4592 palatia,
1932 4533 1995 4577 et
2020 4522 2255 4584 domus.
2269 4522 2346 4578 de
2366 4520 2583 4595 quibus
2607 4521 2689 4589 (n.
2710 4568 2716 4579 .

442 4606 706 4663 940-942‚
734 4593 882 4655 1116,
916 4592 1246 4655 1626-1628.
1280 4590 1435 4663 1630.
1469 4593 1622 4662 1631.
1652 4593 1839 4661 4622).
