3371 5304
525 617 655 683 224
1166 612 1268 664 DE
1310 610 1567 664 CAELO
1612 610 1712 661 ET
1759 608 2123 663 INFERNO.

525 786 624 849 tia
660 784 799 849 sint
836 804 999 867 prae
1032 782 1307 865 reliquis
1336 802 1351 861 ;
1399 781 1675 865 quidam
1707 780 1978 845 illorum
2015 780 2084 844 in
2121 779 2390 862 palatiis
2418 779 2761 856 habitant,

525 881 637 945 ubi
666 881 849 944 intus
872 880 1104 943 omnia
1121 878 1393 961 fulgent
1416 878 1593 941 sicut
1624 896 1716 939 ex
1740 896 1906 941 auro
1929 885 2002 940 et
2025 886 2320 958 argento
2347 896 2363 955 3
2409 875 2544 939 illis
2565 878 2765 959 copia

524 985 634 1039 est
678 974 983 1039 omnium
1026 990 1200 1056 quae
1247 972 1332 1035 ad
1380 992 1539 1035 usus
1576 971 1803 1049 vitae;
1863 989 2099 1034 verum
2137 990 2410 1053 prorsus
2455 990 2596 1035 non
2641 990 2762 1053 po·

524 1079 697 1135 nunt
728 1088 846 1133 cor
888 1070 957 1132 in
988 1068 1144 1143 illis,
1180 1068 1301 1131 sed
1341 1068 1408 1129 in
1440 1067 1604 1148 ipsis
1635 1065 1868 1129 usibus
1895 1086 1911 1144 ;
1966 1064 2096 1128 hos
2127 1062 2446 1148 specstant
2477 1068 2546 1129 in
2578 1065 2765 1130 claro

522 1176 594 1229 et
632 1166 807 1228 sicut
842 1164 911 1227 in
950 1164 1123 1239 luce,
1162 1180 1400 1225 aurum
1439 1170 1671 1225 autem
1717 1170 1790 1223 et
1828 1171 2196 1243 argentum
2240 1162 2312 1224 in
2357 1160 2656 1225 obscuro
2691 1170 2763 1225 et

522 1261 697 1322 sicut
734 1260 803 1322 in
842 1258 1083 1323 umbra
1112 1254 1533 1340 respetffive:
1582 1275 1789 1319 causa
1820 1266 1953 1330 est,
1989 1257 2143 1338 quia
2179 1257 2246 1319 in
2287 1256 2544 1320 mundo
2573 1275 2763 1320 ama·

524 1362 765 1416 verunt
803 1373 985 1427 usus»,
1025 1372 1105 1417 ac
1153 1371 1387 1415 aurum
1434 1359 1506 1414 et
1551 1360 1916 1431 argentum
1957 1350 2166 1413 modo
2203 1352 2378 1414 sicut
2416 1350 2646 1415 media
2689 1359 2763 1414 et

520 1448 841 1511 servitia:
898 1448 1027 1530 ipsi
1072 1468 1233 1510 usus
1278 1448 1377 1510 ita
1436 1447 1504 1509 in
1566 1443 1764 1509 caelo
1807 1444 2118 1527 fulgent;
2180 1446 2433 1509 bonum
2481 1464 2643 1509 usus
2689 1455 2764 1509 ut

520 1562 777 1619 aurum,
814 1552 887 1607 et
924 1561 1159 1606 verum
1196 1562 1355 1607 usus
1393 1551 1469 1606 ut
1506 1538 1981 1622 argentum.(s)
2071 1539 2332 1622 Quales
2363 1541 2597 1625 itaque
2629 1540 2763 1605 illis

519 1658 676 1701 usus
721 1637 991 1701 fuerunt
1071 1638 1140 1701 in
1188 1637 1466 1712 mundo,
1515 1637 1677 1699 talis
1723 1646 1832 1699 est
1877 1635 2015 1700 illis
2059 1636 2434 1718 opulentia,
2483 1646 2556 1699 et
2602 1636 2764 1701 talis

512 1732 902 1815 jucunditas
939 1744 1011 1797 et
1047 1731 1360 1799 felicitas,
1448 1731 1635 1796 Usus
1672 1731 1834 1795 boni
1871 1740 2055 1806 sunt,
2088 1750 2162 1794 se
2195 1740 2267 1794 et
2305 1750 2465 1795 suos
2496 1732 2760 1814 prospi-

518 1848 671 1892 cere
718 1828 1125 1892 necessariis
1168 1830 1393 1905 vitae3
1454 1826 1950 1891 abundantiam
1997 1824 2178 1889 velle
2225 1827 2487 1909 patriae
2533 1846 2760 1901 causa,

519 1926 729 1988 etiam
768 1924 1087 2006 proximi,
1122 1924 1228 1986 cui
1266 1922 1459 1986 dives
1496 1942 1659 2003 prae
1691 1942 1988 2004 paupere
2022 1920 2258 1984 multis
2289 1922 2512 1985 modis
2549 1922 2761 1985 bene-

517 2019 740 2083 facere
773 2027 1051 2102 potest3
1098 2027 1170 2082 et
1208 2018 1364 2099 quia
1400 2018 1495 2080 sic
1536 2018 1838 2080 animum
1875 2026 2111 2099 potest
2149 2036 2502 2081 removere
2540 2037 2581 2080 a
2618 2019 2762 2081 vita

519 2116 766 2189 otiosa,
808 2134 981 2197 quae
1018 2114 1161 2177 vita
1200 2112 1583 2194 perniciosa
1621 2124 1753 2186 est,
1795 2130 1952 2175 nam
1989 2114 2058 2175 in
2095 2111 2214 2175 illa
2250 2112 2461 2175 homo
2491 2114 2760 2193 cogitat

518 2209 698 2272 male
736 2230 829 2272 ex
868 2206 1051 2272 malo
1086 2208 1215 2270 sibi
1252 2208 1479 2270 insito.
1571 2205 1663 2270 Hi
1704 2226 1862 2269 usus
1898 2207 2060 2271 boni
2099 2216 2280 2282 sunt,
2321 2216 2654 2289 quantum
2691 2208 2762 2270 in

499 2304 591 2367 ‘se
630 2302 952 2368 Divinum
982 2302 1266 2377 habent,
1306 2300 1439 2365 hoc
1478 2310 1610 2376 est,
1646 2310 1979 2385 quantum
2017 2301 2229 2365 homo
2261 2298 2530 2385 spestat
2569 2302 2760 2365 Divi·

516 2414 678 2458 num
724 2404 798 2459 et
842 2396 931 2459 ad
986 2394 1276 2471 caelum,
1325 2405 1398 2460 et
1445 2415 1639 2460 suum
1684 2395 1940 2460 bonum
1987 2395 2058 2460 in
2104 2396 2243 2461 illis
2290 2398 2509 2480 ponit,
2557 2408 2629 2462 et
2689 2398 2758 2461 in

516 2490 758 2571 opibus
798 2489 1005 2553 modo
1035 2489 1293 2554 bonum
1331 2489 1730 2554 inserviens,

639 2590 839 2674 362.
898 2589 1259 2655 Contraria
1288 2599 1523 2654 autem
1556 2610 1707 2655 sors
1738 2592 2027 2656 divitum
2061 2600 2194 2668 est,
2221 2592 2334 2675 qui
2367 2610 2505 2656 non
2539 2591 2756 2658 credi-

515 2687 763 2750 derunt
789 2684 1133 2760 Divinum,
1161 2695 1231 2750 et
1266 2685 1383 2748 illa
1414 2705 1588 2768 quae
1621 2685 1796 2749 caeli
1828 2696 1900 2750 et
1931 2687 2268 2751 ecclesiae
2299 2697 2460 2752 sunt
2489 2686 2580 2750 ab
2609 2688 2754 2751 ani-

516 2801 629 2844 mo
657 2781 1035 2862 rejecerunt
1068 2801 1085 2858 ;
1133 2780 1233 2844 illi
1265 2781 1329 2842 in
1364 2781 1628 2843 inferno
1660 2789 1846 2856 sunt,
1876 2783 1989 2844 ubi
2021 2781 2283 2856 sordeS,
2319 2784 2653 2857 miseriae,
2687 2793 2756 2846 et

514 2887 793 2956 egestas
820 2895 838 2952 3
886 2876 954 2938 in
988 2873 1155 2938 talia
1186 2882 1543 2937 vertuntur
1566 2875 1847 2939 divitiae
1872 2896 2046 2959 quae
2078 2885 2396 2940 amantur
2427 2896 2550 2958 pro
2582 2876 2713 2940 fine
2739 2899 2753 2954 ;

514 2991 641 3034 nec
691 2971 899 3033 modo
946 2970 1248 3043 divitiae,
1288 2968 1414 3032 sed
1460 2969 1672 3032 etiam
1711 2971 1840 3051 ipsi
1877 2991 2077 3050 usus;
2144 2971 2259 3053 qui
2305 2980 2466 3034 sunt
2507 2969 2618 3035 vel
2679 2981 2754 3035 ut

513 3055 753 3128 vivant
792 3066 1017 3145 genio,
1057 3073 1131 3128 et
1170 3063 1575 3145 indulgeant
1610 3065 2114 3148 voluptatibus,
2149 3075 2360 3150 utque
2397 3066 2753 3130 abundan-

514 3161 648 3223 tius
685 3167 759 3222 et
804 3158 1076 3222 liberius
1114 3159 1384 3241 possint
1423 3159 1726 3222 animum
1765 3159 2046 3242 flagitiis
2081 3161 2268 3234 dare,
2307 3161 2419 3224 vel
2465 3171 2541 3225 ut
2586 3161 2753 3224 emi-

514 3265 727 3318 neant
764 3273 966 3336 super
1001 3252 1175 3317 alios
1212 3273 1381 3338 quos
1418 3263 1902 3320 contemnunt.
1991 3253 2164 3319 Illae
2202 3255 2506 3332 divitiae,
2548 3265 2620 3320 et
2656 3254 2753 3319 illi

513 3369 695 3424 usus,
730 3349 888 3432 quia
926 3347 1091 3412 nihil
1129 3348 1483 3431 spirituale
1518 3349 1589 3412 in
1626 3371 1702 3413 se
1739 3349 2026 3426 habent,
2059 3351 2182 3415 sed
2221 3361 2571 3426 terrestre,
2606 3371 2751 3415 sor·

1286 3565 1388 3618 [(ιπ
1414 3575 1609 3608 anemis
1634 3567 1980 3620 caum-:wan

620 3669 723 3741 (s)
765 3666 945 3740 Quod
969 3683 1151 3722 omne
1169 3667 1396 3722 bonum
1421 3683 1593 3723 suum
1615 3666 1946 3739 jucundum
1975 3669 2194 3725 habeat
2211 3685 2287 3725 ex
2310 3685 2441 3731 usu.
2461 3679 2526 3725 et
2544 3685 2754 3726 secun-

512 3741 653 3795 dum
689 3755 829 3794 usus
862 3741 943 3807 (ιι.
976 3751 1131 3806 3049,
1160 3737 1319 3807 4984,
1350 3739 1549 3808 7038);
1592 3749 1654 3794 et
1689 3755 1933 3812 quoque
1963 3755 2137 3796 suum
2167 3741 2358 3813 quale,
2391 3741 2531 3796 inde
2560 3742 2754 3812 qualis

512 3821 605 3866 est
631 3826 774 3864 usus
799 3809 919 3863 tale
944 3809 1166 3863 bonurn
1197 3811 1279 3878 (ιι.
1302 3811 1483 3879 3049).

619 3879 797 4005 Puod
826 3878 1023 3934 omnis
1049 3878 1302 3935 felicitas
1325 3891 1389 3936 et
1411 3880 1758 3952 jucunditas
1782 3882 1944 3938 vitae
1969 3881 2048 3938 sit
2073 3897 2148 3938 ex
2172 3881 2377 3938 usibus
2405 3883 2486 3952 (n.
2512 3884 2664 3954 997).

654 3967 691 4004 n
718 3965 952 4021 genere,
980 3949 1143 4020 quod
1168 3950 1295 4006 vita
1322 3950 1402 4006 sit
1426 3951 1553 4007 vita
1572 3969 1788 4007 usuum
1820 3955 1902 4022 (ιι.
1935 3951 2112 4022 1964).

618 4019 797 4092 Quod
827 4021 956 4075 vita
978 4021 1249 4104 angelica
1272 4021 1565 4078 consistat
1596 4022 1655 4078 in
1687 4023 1857 4080 bonis
1881 4025 2104 4080 amoris
2131 4033 2196 4080 et
2223 4023 2548 4088 charitatis.
2575 4025 2662 4080 ita
2691 4023 2752 4080 in

514 4091 719 4148 usibus
745 4093 1120 4162 praestandis
1148 4094 1229 4162 (n.
1253 4105 1321 4162 45
1328 4092 1412 4162 3ιέ
1436 4093 1609 4162 452]).

620 4161 800 4234 Quod
840 4178 877 4217 a
915 4161 1194 4227 Domino,
1226 4174 1289 4219 et
1327 4163 1467 4219 inde
1510 4165 1586 4219 ab
1630 4165 1874 4236 angelis,
1903 4181 2025 4237 non
2069 4164 2414 4236 spedlentur
2441 4166 2557 4222 nisi
2601 4165 2751 4222 fines

511 4251 621 4308 pro
662 4243 758 4288 ter
781 4249 951 4304 quos,
978 4233 1081 4304 qui
1108 4243 1250 4290 sunt
1275 4250 1435 4297 usus,
1455 4235 1617 4305 apud
1644 4235 1954 4291 hominem
1985 4239 2064 4305 (n.
2097 4249 2248 4305 1317,
2281 4237 2432 4306 1645,
2495 4237 2644 4306 844).

547 4375 583 4430 6
670 4306 791 4360 uod
820 4319 1067 4442 regnu81)n
1097 4304 1341 4360 Domini
1368 4306 1447 4360 sit
1472 4320 1721 4378 regnum
1747 4323 1962 4362 usuum
1993 4309 2072 4376 (ιι.
2097 4306 2255 4378 4539
2277 4307 2427 4378 454],
2558 4349 2572 4371 ,
2599 4321 2749 4378 1103,

656 4417 669 4436 ,
730 4391 766 4429 ο
912 4391 951 4428 o
1049 4417 1062 4431 .

514 4389 547 4444 3
582 4387 649 4443 4⁵
682 4388 1050 4501 Jog4sgrvire
1080 4445 1343 4501 Domino
1368 4446 1446 4502 sit
1472 4463 1615 4502 usus
1638 4455 1941 4518 praestare
1967 4448 2051 4517 (n.
2076 4447 2261 4516 7038).

678 4515 796 4571 uod
828 4531 1038 4572 omnes
1060 4517 1213 4572 tales
1237 4517 1373 4578 sint.
1398 4519 1604 4589 quales
1624 4527 1766 4572 sunt
1793 4535 1937 4574 usus
1963 4533 2116 4590 quos
2147 4527 2453 4591 praestant
2485 4520 2565 4589 (n.
2592 4531 2750 4591 4054.

517 4588 651 4656 6815
695 4603 708 4642 ι
747 4587 1107 4643 illustratum
1138 4590 1219 4658 (n.
1247 4589 1427 4658 7038).
