3371 5304
621 605 751 675 330
1271 603 1372 658 DE
1415 601 1666 656 CAELO
1720 603 1812 654 ΕΤ
1857 603 2221 656 INFERNQ

608 777 756 841 vita
789 775 1125 842 doceatur
1167 796 1288 859 per
1333 775 1687 852 moralem,
1728 785 2271 844 consentaneam
2317 777 2517 844 bonis
2562 778 2854 862 dogma-

607 871 795 936 tibus
855 871 1209 954 religionis
1274 889 1532 948 eorum,
1585 891 1680 936 ex
1738 891 1873 956 qua
1930 873 2148 938 vitam
2208 891 2401 938 suam
2464 874 2537 938 in
2598 875 2856 940 mundo

605 973 994 1033 traxerunt.

731 1075 892 1145 51¹7
981 1057 1482 1126 InstruStiones
1527 1059 1596 1124 in
1641 1060 1855 1126 caelis
1888 1061 2207 1127 differunt
2252 1062 2343 1128 ab
2384 1060 2853 1129 instructioni-

606 1155 732 1218 bus
767 1157 836 1218 in
865 1157 1092 1231 terris,
1133 1155 1316 1238 quod
1356 1156 1792 1238 cognitiones
1827 1176 1967 1222 non
2014 1158 2429 1225 mandentur
2458 1160 2850 1233 memoriae,

603 1249 728 1314 sed
775 1249 1005 1314 vitae:
1069 1267 1228 1314 nam
1277 1250 1609 1313 memoria
1651 1251 2015 1332 spirituum
2078 1261 2187 1316 est
2244 1253 2327 1315 in·
2374 1253 2523 1316 vita
2572 1272 2851 1332 eorum;

603 1345 946 1425 recipiunt
991 1346 1174 1409 enim
1223 1355 1294 1408 et
1341 1345 1658 1412 imbuunt
1698 1347 1929 1410 omnia
1972 1367 2151 1429 quae
2195 1348 2625 1413 concordant
2664 1350 2852 1414 vitae

602 1457 863 1516 eorum,
902 1449 976 1504 et
1031 1459 1169 1507 non
1221 1440 1582 1520 recipiunt,
1625 1440 1848 1506 minus
1900 1442 2235 1518 imbuunt,
2274 1461 2450 1525 quae
2498 1463 2637 1508 non
2682 1461 2851 1508 con·

601 1535 942 1614 cordant3
1005 1553 1165 1598 nam
1212 1535 1490 1616 spiritus
1529 1545 1691 1599 sunt
1734 1533 2155 1612 affectiones„
2192 1546 2267 1600 et
2312 1537 2474 1602 inde
2518 1539 2589 1600 in
2632 1537 2851 1604 forma

603 1630 904 1694 humana
940 1630 1146 1693 simili
1177 1625 1652 1694 affectionibus
1690 1633 1847 1694 suis.
1940 1629 2121 1712 Quia
2164 1632 2343 1696 tales
2380 1641 2566 1708 sunt,
2598 1631 2851 1714 jugiter

602 1723 976 1807 inspiratur
1009 1722 1281 1789 affectio
1325 1725 1468 1790 veri
1513 1735 1801 1807 propter
1832 1747 1993 1789 usus
2029 1727 2261 1804 vitae3
2310 1728 2631 1810 providet
2666 1729 2849 1792 enim

603 1819 962 1896 Dominus,
1004 1829 1078 1883 ut
1116 1820 1401 1903 quisque
1439 1829 1627 1885 amet
1665 1839 1827 1884 usus
1862 1822 1979 1903 qui
2010 1822 2429 1884 conveniunt
2466 1822 2685 1886 indoli
2726 1843 2847 1886 eo·

601 1933 791 1993 rum;
837 1913 949 1999 qui
989 1934 1182 1978 amor
1217 1915 1431 1978 etiam
1463 1914 1823 1978 exaltatur
1859 1935 1981 2000 per
2016 1935 2212 1997 spem
2250 1917 2435 1999 quod
2467 1916 2673 1981 futuri
2708 1919 2847 1982 sint

599 2009 870 2092 angeli:
923 2019 994 2073 et
1027 2009 1181 2092 quia
1213 2027 1457 2074 omnes
1488 2029 1648 2072 usus
1673 2009 1846 2074 caeli
1881 2029 1955 2073 se
1986 2011 2287 2074 referunt
2318 2012 2406 2074 ad
2438 2028 2632 2075 usum
2658 2029 2847 2078 com·

601 2123 898 2180 munem,
938 2105 1052 2188 qui
1110 2113 1218 2170 est
1280 2123 1404 2184 pro
1457 2123 1674 2186 regno
1722 2103 2021 2180 Domini,
2060 2106 2244 2188 quod
2306 2105 2397 2170 ibi
2454 2114 2565 2170 est
2622 2107 2847 2189 patria

597 2199 892 2276 illorum,
929 2209 1001 2262 et
1034 2200 1190 2282 quia
1221 2217 1464 2262 omnes
1496 2219 1654 2262 usus
1688 2199 2023 2282 speciales
2052 2210 2126 2264 et
2158 2200 2539 2282 singulares
2570 2210 2845 2266 tantum

599 2302 1042 2378 praestantes
1085 2303 1246 2358 sunt
1291 2303 1626 2377 quantum
1675 2295 1953 2377 propius
1989 2303 2060 2358 et
2094 2294 2249 2376 plus
2288 2293 2607 2376 speetant
2654 2295 2844 2362 illum

599 2408 1057 2464 communem,
1097 2390 1257 2454 ideo
1304 2407 1544 2452 omnes
1584 2409 1744 2453 usus
1781 2389 2118 2472 speciales
2165 2400 2239 2454 et
2283 2390 2690 2472 singulares,
2728 2392 2843 2474 qui

597 2484 1133 2548 innumerabiles
1171 2491 1354 2558 sunt,
1395 2484 1558 2548 boni
1614 2494 1687 2548 et
1746 2484 2092 2548 caelestes
2151 2493 2355 2562 sunt3
2412 2505 2621 2568 quare
2664 2485 2843 2568 apud

600 2581 1122 2665 unumquemvis
1149 2578 1586 2663 conjungitur
1607 2577 1879 2645 affectio
1908 2580 2053 2644 veri
2084 2599 2239 2644 cum
2271 2579 2630 2646 affefflone
2662 2601 2841 2657 usus,

597 2676 775 2739 adeo
811 2685 890 2739 ut
937 2695 1146 2739 unum
1183 2684 1442 2757 agant:
1489 2694 1614 2757 per
1655 2676 1725 2737 id
1769 2675 2225 2757 impla-utatur
2258 2694 2497 2741 verum
2539 2677 2705 2752 usui,
2746 2678 2841 2741 sic

595 2781 672 2835 ut
731 2790 916 2845 vera,
977 2789 1151 2852 quae
1207 2771 1508 2846 discunt,
1567 2770 1707 2834 sint
1762 2789 1919 2833 usus
1972 2792 2154 2835 vera.
2244 2770 2358 2835 Ita
2414 2771 2844 2837 instruuntur

596 2866 896 2948 angelici
956 2866 1255 2946 spirituS,
1305 2874 1376 2929 et
1433 2875 1933 2947 praeparantur
1997 2866 2085 2929 ad
2155 2866 2442 2929 caelum.
2544 2862 2841 2931 Affectio

593 2962 737 3024 veri
771 2960 1248 3025 convenientis
1285 2960 1430 3023 usui
1469 2960 1852 3023 insinuatur
1888 2979 2010 3042 per
2044 2962 2233 3025 varia
2269 2961 2517 3034 media,
2556 2978 2841 3043 quorum

594 3053 918 3139 pleraque
955 3055 1200 3135 ignota
1236 3064 1398 3118 sunt
1441 3054 1512 3117 in
1551 3054 1852 3132 mund03
1898 3054 2228 3136 imprimis
2274 3074 2396 3136 per
2438 3072 2839 3137 repraesen-

595 3150 822 3215 tativa
873 3168 1137 3224 usuum,
1185 3168 1360 3231 quae
1429 3149 1495 3211 in
1562 3148 1903 3231 spirituali
1960 3150 2218 3213 mundo
2273 3150 2607 3213 sistuntur
2650 3148 2840 3215 mille

595 3244 841 3320 modis,
873 3252 946 3307 et
983 3262 1137 3307 cum
1177 3242 1433 3307 talibus
1477 3243 1745 3307 deliciis
1788 3252 1863 3309 et
1906 3244 2467 3319 amoenitatibus,
2504 3252 2578 3307 ut
2626 3260 2839 3325 pene-

595 3348 786 3403 trent
845 3338 1157 3421 spiritum
1201 3339 1292 3401 ab
1337 3338 1772 3405 interioribus
1818 3358 1993 3420 quae
2037 3350 2199 3402 sunt
2250 3340 2506 3402 mentis
2546 3337 2693 3421 ejus
2748 3338 2839 3403 ad

595 3435 944 3498 exteriora
979 3452 1153 3515 quae
1197 3441 1360 3497 sunt
1405 3434 1712 3514 corporis
1750 3433 1916 3515 ejus,
1955 3443 2028 3497 et
2074 3434 2171 3497 sic
2218 3432 2526 3499 afficiunt
2562 3442 2835 3509 totum;

593 3527 752 3593 inde
783 3527 860 3592 fit
890 3528 1167 3611 spiritus
1197 3528 1390 3610 quasi
1415 3548 1575 3591 suus
1601 3548 1781 3593 usus,
1870 3526 2309 3611 Quapropter
2333 3546 2487 3591 cum
2520 3529 2587 3591 in
2618 3526 2837 3593 socie-

595 3634 816 3689 tatem
854 3642 1048 3687 suam
1077 3624 1291 3697 venit,
1333 3622 1400 3687 in
1439 3642 1640 3706 quam
1685 3643 1807 3705 per
1841 3620 2293 3687 instructione
2336 3623 2727 3697 minitiatur,
2764 3622 2837 3685 in

594 3740 716 3783 sua
746 3716 894 3782 vita
938 3727 1048 3781 est
1095 3736 1253 3782 cum
1301 3718 1371 3781 in
1417 3736 1542 3781 suo
1587 3716 1833 3786 usu.(“)
1921 3718 2037 3783 Ex
2080 3717 2187 3785 his
2228 3727 2553 3783 constare
2598 3724 2837 3800 potest

1366 3926 1468 3979 ttnt
1491 3936 1689 3972 mnu
1712 3926 2059 3980 cam-mn

703 4027 828 4095 (aa)
881 4024 1060 4099 Quod
1099 4043 1279 4083 omne
1318 4027 1542 4082 bonum
1580 4044 1757 4083 suum
1792 4028 2124 4099 jucundum
2160 4028 2383 4087 habeat
2412 4044 2488 4085 ex
2516 4026 2741 4090 usibus,
2770 4036 2837 4083 et

593 4098 924 4154 secundum
953 4114 1112 4160 usus,
1135 4109 1201 4153 et
1225 4114 1466 4170 quoque
1491 4116 1665 4154 suum
1692 4100 1885 4171 quale.
1912 4099 2055 4157 inde
2076 4099 2271 4172 qualis
2294 4114 2439 4155 usus
2460 4099 2583 4155 tale
2604 4102 2831 4161 bonum

593 4171 678 4240 (m
699 4168 1044 4313 ὂαέἒᾶἦῖιὸῑζ
1058 4170 1328 4309 ἕῐῗὲἓίἷεε
1351 4240 1643 4295 consistat
1669 4240 1730 4295 in
1756 4241 1931 4297 bonis
1959 4241 2183 4296 amoris
2210 4249 2274 4296 et
2301 4239 2627 4303 charitatis.
2656 4238 2741 4294 ita
2771 4239 2833 4294 in

591 4308 799 4364 usibus
831 4310 1206 4379 praestandis
1240 4313 1322 4379 (n.
1347 4308 1505 4379 453[?
1529 4310 1705 4379 454]).

681 4378 878 4463 ‘Quod
917 4396 954 4435 a
995 4380 1273 4442 Domino,
1305 4390 1368 4435 et
1411 4380 1550 4439 inde
1587 4382 1662 4435 ab
1698 4380 1943 4452 angelis,
1974 4396 2097 4436 non
2134 4379 2485 4453 spetlentur
2512 4380 2628 4436 nisi
2665 4378 2831 4439 fines.

591 4466 695 4523 qui
721 4456 867 4506 sunt
895 4467 1052 4512 usus.
1079 4451 1238 4521 apud
1267 4451 1588 4536 hominem·
1604 4454 1687 4517 (n.
1720 4464 1867 4521 1317,
1902 4452 2051 4521 1645,
2082 4451 2271 4593 5844ἑῖ
2294 4452 2497 4522 58541).

700 4520 880 4593 Quod
929 4520 1206 4592 Regnum
1259 4521 1504 4579 Domini
1542 4533 1621 4579 sit
1657 4538 1907 4603 regnum
1952 4540 2168 4579 usuum
2235 4539 2291 4579 n.
2326 4520 2487 4593 4531?
2522 4520 2669 4593 454].
2706 4518 2828 4591 696.

599 4604 750 4660 ¹10³.
777 4591 932 4661 ³645.
958 4604 1116 4662 4054.
1143 4592 1327 4662 7038)-
