3371 5304
904 544 927 569 .

583 594 709 659 226
1232 610 1333 661 DE
1376 610 1631 663 cauo
1677 610 1776 661 m·
1820 610 2186 663 mnam.

580 782 759 845 bene
816 781 1016 859 vixit,
1065 792 1139 848 et
1198 782 1499 865 rejicitur
1556 786 1668 868 qui
1731 785 1933 849 male.
2023 785 2388 849 Praeterea
2447 795 2823 869 paupertas

580 897 795 960 aeque
828 878 1091 944 seducit
1123 889 1197 944 et
1228 880 1565 944 abstrahit
1599 880 1950 946 hominem
1987 902 2028 946 a
2063 881 2282 957 caelo,
2315 882 2496 945 sicut
2531 882 2822 964 opulen-

580 974 700 1038 tia.
790 972 967 1039 Sunt
1003 976 1184 1040 inter
1220 974 1379 1040 illos
1410 976 1764 1059 perplures
1793 978 1908 1059 qui
1939 996 2061 1041 sua
2098 985 2289 1040 sorte
2325 996 2466 1041 non
2504 979 2824 1041 contenti

578 1076 762 1145 sunt,
801 1070 915 1152 qui
960 1063 1273 1135 ambiuiit
1320 1071 1561 1148 multa,
1609 1081 1683 1136 et
1737 1072 2028 1135 credunt
2080 1092 2250 1155 opes
2302 1070 2823 1142 benedietiones

576 1184 730 1228 esse
756 1160 845 1245 3⁰⁸)
891 1176 1310 1250 quapropter
1346 1186 1500 1232 cum
1536 1167 1692 1232 illas
1731 1186 1870 1233 non
1906 1168 2265 1251 recipiunt,
2306 1170 2712 1243 irascuntur,
2747 1180 2820 1233 et

570 1264 659 1329 de
696 1265 1129 1348 providentia
1166 1265 1416 1328 Divina
1454 1266 1633 1329 male
1665 1267 2022 1348 cogitant;
2070 1267 2380 1332 invident
2412 1268 2626 1333 etiam
2665 1267 2816 1332 aliis

569 1380 693 1422 sua
722 1360 905 1423 bona
934 1380 948 1437 ;
998 1368 1353 1441 praeterea
1384 1361 1597 1425 etiam
1627 1360 1727 1424 illi
1756 1381 1970 1445 aeque
2002 1362 2412 1426 defraudant
2449 1362 2622 1426 alios
2659 1382 2814 1426 curn

570 1454 774 1519 datur
812 1455 1106 1529 occasi0‚
1147 1465 1218 1518 et
1276 1474 1547 1538 quoque
1602 1476 1818 1539 aeque
1875 1458 1944 1520 in
2001 1457 2296 1521 sordidis
2341 1458 2814 1540 voluptatibus

572 1552 829 1614 vivunt.
921 1548 1153 1613 Aliter
1183 1571 1349 1614 vero
1382 1570 1716 1633 pauperes
1749 1553 1864 1633 qui
1901 1572 2023 1615 sua
2058 1562 2249 1617 sorte
2281 1555 2594 1618 contenti
2627 1564 2810 1630 sunt,

569 1647 637 1709 in
676 1664 1047 1726 suo-opere
1084 1646 1303 1711 seduli
1338 1656 1413 1709 et
1459 1647 1856 1728 diligenteS,
1897 1666 1976 1710 ac
2026 1657 2264 1711 amant
2304 1648 2610 1712 laborem
2647 1670 2814 1731 prae

568 1741 734 1816 otio,
775 1750 847 1804 et
886 1740 1153 1804 sincere
1187 1750 1261 1803 et
1298 1738 1595 1805 fideliter
1632 1751 1873 1822 agunt,
1914 1751 1986 1805 et
2033 1741 2233 1805 simul
2271 1752 2436 1805 tunc
2475 1742 2808 1807 Christia-

571 1854 726 1898 nam
764 1837 983 1899 vitam
1012 1838 1275 1899 vivunt.
1364 1835 1759 1917 Aliquoties
1798 1835 2070 1900 locutus
2115 1856 2266 1900 sum
2311 1856 2466 1899 cum
2511 1836 2648 1901 illis
2690 1839 2806 1920 qui

567 1952 659 1995 ex
698 1933 954 1995 rustica
990 1942 1205 2012 gente
1241 1938 1313 1993 et
1361 1950 1453 1994 ex
1499 1930 1700 2012 plebe
1747 1940 1972 2006 erant,
2011 1932 2126 2012 qui
2169 1932 2331 1993 dum
2371 1932 2694 1996 vixerunt
2739 1934 2806 1997 in

569 2026 827 2090 mundo
865 2026 1303 2089 crediderunt
1341 2026 1408 2087 in
1450 2024 1694 2100 Deum,
1735 2044 1816 2088 ac
1848 2024 2107 2106 justum
2148 2034 2220 2089 et
2256 2022 2518 2089 rectum
2563 2026 2632 2089 in
2669 2018 2808 2090 suis

565 2122 882 2203 operibus
939 2119 1291 2183 fecerunt:
1362 2119 1461 2183 illi
1520 2120 1679 2201 quia
1738 2130 1938 2183 erant
2001 2121 2070 2183 in
2132 2116 2491 2184 affectione
2547 2122 2808 2185 sciendi

564 2234 819 2291 verum,
866 2216 1294 2298 quaerebant
1353 2214 1515 2297 quid
1574 2214 1874 2277 charitas
1940 2223 2012 2278 et
2079 2214 2240 2297 quid
2287 2212 2478 2290 fides,
2525 2216 2684 2298 quia
2737 2218 2806 2280 in

567 2312 825 2374 mundo
874 2310 1096 2373 multa
1156 2310 1243 2373 de
1302 2308 1435 2373 fide
1494 2309 1926 2383 audiverunt,
1965 2310 2034 2371 in
2092 2308 2318 2373 altera
2373 2312 2521 2373 vita
2571 2320 2804 2376 autem

563 2404 782 2469 multa
827 2405 915 2469 de
959 2405 1343 2482 charitate;
1389 2423 1598 2486 quare
1646 2404 1780 2466 illis
1818 2400 2075 2467 dic'tum
2111 2412 2244 2478 est,
2284 2406 2464 2486 quod
2505 2406 2806 2469 charitas

562 2502 652 2563 sit
688 2518 895 2563 omne
953 2501 1021 2564 id
1079 2499 1263 2582 quod
1309 2507 1419 2563 est
1464 2499 1673 2572 vitae,
1716 2507 1788 2561 et
1841 2496 2012 2561 fides
2070 2516 2276 2561 omne
2329 2499 2397 2561 id
2455 2501 2638 2581 quod
2695 2510 2804 2565 est

560 2592 953 2675 doctrinan
1002 2594 1286 2678 proinde
1311 2592 1491 2677 quod
1525 2592 1830 2657 charitas
1862 2591 1952 2656 sit
1977 2591 2158 2656 velle
2191 2601 2265 2657 et
2295 2591 2518 2658 facere
2543 2592 2802 2676 justum

560 2701 633 2756 et
676 2688 939 2755 rectum
998 2691 1066 2754 in
1126 2690 1312 2752 omni
1378 2709 1606 2771 opere,
1656 2687 1826 2751 fides
1871 2697 2104 2751 autem
2151 2688 2463 2769 cogitare
2499 2687 2685 2770 juste
2730 2699 2804 2754 et

558 2783 785 2865 recte3
832 2795 905 2850 et
942 2786 1125 2868 quod
1164 2784 1331 2847 fides
1370 2793 1441 2847 et
1489 2783 1793 2847 charitas
1829 2803 1905 2846 se
1943 2780 2374 2864 conjungant
2411 2782 2590 2848 sicut
2629 2785 2798 2848 doc·

560 2882 738 2945 trina
770 2891 841 2945 et
880 2882 1024 2944 vita
1056 2879 1431 2944 secundum
1464 2878 1673 2954 illam,
1711 2898 1830 2942 seu
1867 2879 2044 2942 sicut
2075 2879 2416 2959 cogitatio
2446 2886 2518 2941 et
2555 2879 2798 2942 volun-

560 2986 711 3054 tas3
766 2986 841 3039 et
885 2975 1068 3058 quod
1128 2974 1296 3038 fides
1356 2973 1475 3038 fiat
1534 2974 1860 3048 charitas,
1899 2973 2176 3056 quando
2235 2973 2304 3036 id
2363 2971 2550 3055 quod
2586 2972 2798 3038 homo

558 3072 734 3154 juste
766 3082 839 3136 et
870 3069 1053 3134 redte
1091 3071 1379 3152 cogitat,
1416 3071 1629 3132 etiam
1664 3069 1836 3132 velit
1867 3079 1940 3132 et
1976 3069 2206 3144 faciat,
2240 3078 2314 3134 et
2344 3089 2498 3134 cum
2531 3069 2664 3134 hoc
2695 3069 2795 3147 fit,

558 3167 740 3250 quod
774 3185 911 3229 non
944 3166 1081 3230 duo
1116 3165 1255 3228 sint
1292 3165 1415 3228 sed
1448 3182 1675 3228 unum.
1767 3163 1924 3228 Hoc
1956 3163 2456 3229 intellexerunt
2488 3165 2690 3242 bene,
2723 3173 2798 3230 et

556 3263 775 3344 gavisi
808 3271 989 3335 sunt,
1016 3261 1333 3324 dicentes
1362 3259 1547 3340 quod
1579 3278 1718 3322 non
1751 3257 2395 3341 comprehenderint
2433 3261 2502 3324 in
2539 3262 2798 3326 mundo

555 3357 741 3440 quod
779 3356 1059 3421 credere
1096 3354 1283 3419 aliud
1321 3363 1507 3418 esset
1538 3372 1744 3436 quam
1781 3355 2033 3418 vivere.

678 3451 885 3534 365.
942 3450 1058 3516 Ex
1112 3451 1217 3514 his
1263 3459 1587 3514 constare
1631 3457 1888 3531 potest,
1926 3448 2112 3531 quod
2159 3449 2410 3512 divites
2451 3469 2670 3533 aeque
2711 3469 2794 3515 ac

556 3565 889 3629 pauperes
918 3546 985 3609 in
1018 3545 1283 3611 caelum
1312 3546 1618 3618 veniant,
1646 3554 1720 3608 et
1754 3552 1897 3607 tam
1929 3542 2125 3608 facile
2157 3562 2330 3606 unus
2360 3561 2564 3625 quam
2595 3544 2790 3610 alter.

554 3640 758 3723 Quod
796 3641 1115 3706 credatur
1149 3641 1329 3724 quod
1368 3658 1701 3721 pauperes
1737 3638 1956 3713 facile,
1989 3657 2070 3702 ac
2116 3638 2370 3702 divites
2413 3656 2644 3719 aegre,
2683 3649 2792 3704 est

554 3738 713 3820 quia
747 3734 1053 3801 Verbum
1093 3756 1230 3800 non
1268 3731 1699 3799 intellectum
1737 3743 1868 3808 est,
1909 3732 2020 3796 ubi
2067 3734 2507 3798 nominantur
2543 3732 2792 3797 divites

551 3841 625 3896 et
669 3849 1023 3913 pauperes.
1114 3831 1237 3894 Per
1276 3831 1591 3893 “divites
1614 3827 1643 3855 '³
1676 3828 1773 3892 ibi
1817 3827 2302 3910 intelliguntur
2343 3829 2412 3891 in
2458 3826 2790 3908 spirituali

552 3945 756 3990 sensu
787 3926 886 3990 illi
922 3926 1036 4008 qui
1071 3925 1429 3989 abundant
1467 3923 1978 4005 cognitionibus
2015 3923 2180 3986 boni
2213 3931 2289 3986 et
2333 3921 2494 3998 veri,
2533 3921 2636 3986 ita
2677 3923 2792 4004 qui

552 4022 729 4086 intra
763 4020 1129 4085 ecclesiam
1165 4029 1325 4084 sunt
1362 4019 1477 4083 ubi
1522 4028 1632 4084 est
1670 4018 2025 4096 Verbum;
2071 4025 2145 4082 et
2185 4037 2308 4100 per
2344 4014 2789 4099 “pauperes'’

1324 4224 1421 4278 ssa:
1444 4234 1639 4268 amu
1662 4221 2002 4276 αηιπιιυιὶ]

660 4322 743 4391 (k)
786 4320 967 4404 Quod
994 4321 1322 4391 dignitates
1346 4326 1411 4374 et
1438 4332 1587 4388 opes
1616 4331 1740 4371 non
1765 4315 1887 4372 sint
1911 4315 2100 4370 reales
2124 4313 2606 4378 benedictiones:
2641 4327 2788 4386 qua-

552 4409 661 4464 pro
702 4403 796 4446 ter
822 4393 957 4446 illae
980 4401 1105 4446 tam
1131 4399 1272 4452 sunt
1297 4388 1470 4444 malis
1493 4403 1673 4459 quam
1701 4386 1876 4440 bonis
1903 4389 1985 4456 (n.
2013 4385 2169 4454 8939,
2203 4397 2388 4454 10775,
2423 4385 2633 4453 10776).

755 4463 836 4517 od
867 4462 1041 4517 realis
1064 4459 1406 4516 benedictio
1436 4458 1516 4516 sit
1546 4457 1812 4528 receptio
1834 4456 2056 4511 amoris
2083 4465 2147 4510 et
2177 4455 2315 4511 fidei
2345 4471 2384 4510 a
2421 4455 2700 4516 Domino.
2723 4463 2786 4512 et

550 4549 656 4604 per
690 4531 749 4588 nd
793 4533 1161 4594 con‘unctio,
1198 4547 1335 4585 nam
1381 4530 1523 4585 inde
1561 4528 1818 4584 felicitas
1855 4537 2102 4582 aeterna
2141 4529 2224 4593 (n.
2265 4539 2418 4592 ¹420»
2449 4539 2601 4591 1422,
2630 4524 2785 4591 2846.

548 4618 703 4676 3017.
734 4603 873 4674 3408
953 4602 1131 4671 ³406]-
1150 4614 1304 4672 3504.
1327 4613 1482 4671 3514.
1504 4611 1659 4670 3530.
1681 4599 1836 4668 3565.
1857 4597 2012 4668 3384.
2031 4597 2190 4665 4216.
2210 4598 2368 4667 4981.
2388 4597 2546 4667 8939.
2573 4595 2786 4666 10493).
