3371 5304
1246 521 1614 587 QUATUOR
1659 523 1963 576 PLAGAE
2010 523 2091 574 IN
2130 523 2403 576 CAELO.
2860 515 2947 596 87

831 710 1032 780 140.
1091 693 1274 778 Quia
1296 695 1633 761 Dominus
1657 706 1735 761 ut
1768 694 1887 762 Sol
1924 705 2033 762 est
2067 696 2352 762 Divinus
2388 695 2611 764 Amor
2646 707 2719 764 et
2756 699 2949 764 Divi-

705 809 832 855 nus
869 788 1092 856 Amor
1128 802 1238 856 est
1273 792 1496 875 ipsum
1536 792 1857 857 Divinum
1893 792 2183 868 Bonum,
2218 793 2374 857 ideo
2407 793 2731 858 Divinum
2762 795 2947 878 quod

703 886 1017 968 procedit
1062 886 1153 951 ab
1197 887 1381 970 Ipso,
1421 887 1608 971 quod
1651 896 1760 952 est
1809 887 2131 952 Divinum
2172 887 2392 971 Ipsius
2436 889 2505 952 in
2550 887 2768 966 caele,
2808 889 2945 954 dis-

701 979 1056 1046 tinfifionis
1092 1002 1302 1046 causa
1324 993 1610 1048 vocatur
1634 982 1956 1047 Divinum
1982 981 2265 1060 Verum,
2294 985 2573 1048 tametsi
2610 994 2719 1050 est
2753 983 2945 1048 Divi-

701 1096 864 1141 num
909 1076 1178 1142 Bonum
1225 1079 1491 1143 unitum
1540 1078 1790 1142 Divino
1836 1077 2045 1144 Vero.
2135 1078 2458 1142 Divinum
2501 1079 2635 1144 hoc
2682 1078 2944 1146 Verum

700 1181 810 1240 est
846 1172 1030 1258 quod
1067 1182 1356 1240 vocatur
1385 1171 1717 1239 Sanctum
1748 1173 2129 1256 procedens
2160 1175 2250 1238 ab
2280 1173 2465 1256 Ipso.

1692 1687 1951 1774 [XVI]

1161 1882 1280 1948 DE
1323 1897 1691 1963 QUATUOR
1738 1884 2017 1951 PLAG1s
2061 1899 2145 1949 m
2184 1883 2468 1951 CAELO.

815 2093 1004 2163 141.
1064 2079 1144 2144 In
1205 2078 1402 2144 caelo
1447 2081 1623 2145 sicut
1683 2081 1753 2144 in
1801 2082 2055 2145 mundo
2116 2089 2277 2144 sunt
2323 2091 2617 2164 quatuor
2660 2079 2933 2164 plagae,

689 2175 938 2252 orienS,
987 2176 1327 2251 meridies,
1375 2175 1721 2252 occidens,
1770 2186 1841 2242 et
1894 2177 2298 2258 septentrio,
2346 2177 2660 2258 utrinque
2704 2177 2933 2240 deter-

690 2271 992 2334 minatae
1031 2291 1072 2334 a
1107 2291 1232 2335 suo
1268 2270 1462 2350 sole3
1523 2271 1592 2335 in
1637 2269 1833 2336 caelo
1879 2293 1920 2335 a
1966 2270 2125 2335 Sole
2163 2271 2338 2335 caeli
2382 2272 2494 2355 qui
2539 2280 2647 2336 est
2694 2271 2933 2335 Domi-

690 2383 837 2440 nuS,
872 2366 939 2428 in
979 2367 1238 2429 mundo
1283 2387 1324 2429 a
1360 2366 1506 2430 sole
1543 2367 1799 2431 mundi.
1889 2365 2025 2432 Sed
2065 2387 2278 2450 usque
2314 2365 2681 2432 intercedit
2719 2365 2937 2430 multa

687 2459 1091 2524 differentia.
1177 2459 1426 2524 Prima
1468 2471 1600 2537 est,
1647 2461 1833 2545 quod
1890 2462 1959 2524 in
2006 2461 2263 2524 mundo
2308 2461 2577 2525 dicatur
2618 2460 2935 2525 meridies

689 2556 802 2620 ubi
850 2556 955 2621 sol
1016 2557 1082 2620 in
1143 2558 1452 2620 maxima
1488 2577 1610 2621 sua
1655 2557 2025 2622 altitudine
2062 2577 2266 2640 supra
2302 2566 2556 2620 terram
2603 2566 2734 2632 est,
2775 2576 2931 2638 sep-

687 2652 945 2716 tentrio
977 2651 1088 2714 ubi
1119 2652 1188 2716 in
1221 2655 1546 2735 opposito
1568 2654 1739 2718 infra
1762 2664 2017 2718 terram
2042 2662 2174 2729 est,
2200 2654 2426 2716 oriens
2458 2652 2571 2715 ubi
2602 2651 2671 2715 in
2702 2651 2930 2733 aequi-

685 2744 931 2811 nostiis
969 2749 1203 2824 oritur,
1244 2758 1316 2813 et
1355 2748 1678 2813 occidens
1716 2750 1830 2812 ubi
1869 2759 2033 2813 tunc
2070 2747 2365 2812 occidit:
2430 2748 2529 2812 ita
2572 2748 2640 2810 in
2678 2748 2934 2811 mundo

683 2862 728 2905 a
772 2842 1054 2907 meridie
1098 2843 1650 2908 determinantur
1694 2864 1936 2908 omnes
1983 2843 2250 2925 plagae.
2332 2842 2412 2907 In
2460 2842 2654 2907 caelo
2699 2852 2931 2907 autem

685 2938 910 3002 oriens
939 2938 1190 3003 dicitur
1220 2939 1330 3002 ubi
1364 2939 1703 3002 Dominus
1736 2950 1810 3003 ut
1844 2937 1963 3002 Sol
1994 2948 2305 3019 apparet,
2340 2958 2433 3001 ex
2463 2938 2788 3021 opposito
2824 2948 2930 3001 est

683 3034 1030 3110 occidens,
1059 3034 1148 3099 ad
1180 3033 1505 3097 dextrum
1537 3035 1605 3097 in
1639 3034 1837 3097 caelo
1862 3044 1969 3098 est
1995 3034 2332 3109 meridiei),
2360 3041 2431 3097 et
2463 3034 2550 3097 ad
2583 3034 2929 3096 sinistrum

683 3126 778 3191 ibi
821 3136 934 3191 est
978 3128 1386 3209 septentrio,
1425 3138 1499 3192 et
1557 3128 1691 3192 hoc
1754 3128 1824 3190 in
1884 3128 2071 3192 omni
2115 3128 2566 3191 conversione
2609 3126 2803 3190 faciei
2856 3135 2929 3189 et

685 3223 989 3305 corporis
1038 3242 1319 3301 eorum;
1384 3224 1484 3287 ita
1541 3224 1609 3287 in
1664 3222 1862 3287 caelo
1920 3223 2011 3285 ab
2068 3224 2336 3287 oriente
2383 3222 2931 3286 determinantur

683 3336 925 3381 omnes
962 3316 1229 3400 plagae.
1321 3316 1525 3399 Quod
1575 3319 1799 3382 oriens
1837 3318 2103 3381 dicatur
2148 3318 2259 3380 ubi
2308 3316 2643 3381 Dominus
2688 3326 2763 3380 ut
2808 3314 2928 3380 Sol

681 3424 993 3497 apparet,
1033 3422 1140 3477 est
1186 3434 1411 3489 causa,
1444 3416 1601 3496 quia
1637 3416 1860 3479 omnis
1896 3414 2083 3496 origo
2124 3414 2309 3477 vitae
2350 3424 2459 3477 est
2504 3414 2593 3477 ab
2639 3412 2802 3494 Ipso
2846 3420 2921 3475 ut

683 3506 886 3586 Sole;
935 3520 1008 3573 et
1044 3528 1314 3592 quoque
1351 3519 1682 3592 quantum
1722 3510 1901 3591 apud
1940 3508 2228 3591 angelos
2266 3508 2586 3590 recipitur
2621 3506 2810 3571 calor
2854 3516 2925 3570 et

681 3604 806 3668 lux
832 3625 952 3668 seu
978 3624 1168 3669 amor
1192 3615 1263 3668 et
1295 3604 1759 3687 intelligentia
1788 3605 1877 3669 ab
1909 3604 2092 3686 Ipso,
2120 3613 2394 3669 tantum
2419 3604 2665 3667 dicitur
2688 3601 2926 3666 Domi-

683 3718 808 3763 nus
865 3699 1130 3763 exoriri
1167 3701 1346 3782 apud
1392 3700 1587 3764 illos:
1656 3701 1820 3765 inde
1863 3720 2133 3784 quoque
2179 3707 2309 3775 est,
2358 3696 2541 3782 quod
2590 3696 2925 3761 Dominus

683 3795 752 3859 in
791 3794 1028 3860 Verbo
1062 3795 1333 3860 dicatur
1370 3792 1749 3859 Oricum-¹⁸)

808 3906 998 3975 142.
1051 3890 1301 3955 Altera
1324 3890 1705 3955 differentia
1728 3901 1857 3967 est,
1883 3890 2067 3974 quod
2100 3889 2367 3973 angelis
2390 3908 2663 3971 semper
2684 3908 2727 3951 a
2754 3886 2925 3952 facie

682 3986 774 4051 sit
818 3986 1067 4064 oriens,
1107 4008 1148 4050 a
1193 3996 1394 4071 tergo
1440 3988 1789 4063 occidenS,
1830 3987 1918 4050 ad
1964 3986 2292 4050 dextrum
2338 3984 2676 4059 meridieS,
2715 3992 2788 4049 et
2834 3982 2924 4047 ad

1481 4238 1558 4290 (nt
1583 4248 1779 4281 naun
1800 4237 2125 4293 emaum)

783 4348 922 4417 (xx)
959 4344 1156 4433 Quod
1189 4346 1483 4405 Dominus
1521 4348 1582 4403 in
1619 4364 1902 4419 supremo
1930 4364 2111 4406 sensu
2137 4349 2218 4406 sit
2252 4348 2487 4412 Oriens,
2511 4349 2653 4420 quia
2687 4358 2784 4431 eet
2819 4348 2961 4429 Sol·

677 4418 848 4483 caeli,
871 4418 976 4491 qui
1011 4434 1252 4491 semper
1289 4420 1352 4475 in
1390 4430 1530 4476 ortu
1573 4429 1636 4475 et
1677 4436 1973 4493 nusquam
2016 4420 2080 4476 in
2121 4436 2339 4478 occasu
2370 4429 2465 4477 est
2510 4422 2593 4491 (n.
2622 4434 2739 4485 101,
2744 4406 2961 4533 5097.’

679 4489 865 4560 9668).
