<?xml version="1.0" encoding="UTF-8"?>
<!DOCTYPE html PUBLIC "-//W3C//DTD XHTML 1.0 Transitional//EN"
    "http://www.w3.org/TR/xhtml1/DTD/xhtml1-transitional.dtd">
<html xmlns="http://www.w3.org/1999/xhtml" xml:lang="en" lang="en">
 <head>
  <title>
</title>
<meta http-equiv="Content-Type" content="text/html;charset=utf-8" />
  <meta name='ocr-system' content='tesseract 3.04.00' />
  <meta name='ocr-capabilities' content='ocr_page ocr_carea ocr_par ocr_line ocrx_word'/>
</head>
<body>
  <div class='ocr_page' id='page_1' title='image "./exauditisetvisi00swedgoog_0321.png"; bbox 0 0 3371 5304; ppageno 0'>
   <div class='ocr_carea' id='block_1_1' title="bbox 879 619 2815 693">
    <p class='ocr_par' dir='ltr' id='par_1_1' title="bbox 879 619 2815 693">
     <span class='ocr_line' id='line_1_1' title="bbox 879 619 2815 693; baseline 0.001 -21"><span class='ocrx_word' id='word_1_1' title='bbox 879 622 1154 674; x_wconf 73' lang='lat' dir='ltr'>PRIMUS</span> <span class='ocrx_word' id='word_1_2' title='bbox 1199 619 1869 675; x_wconf 72' lang='lat' dir='ltr'><strong>STA‘rus.uou1ms</strong></span> <span class='ocrx_word' id='word_1_3' title='bbox 1912 623 2097 674; x_wconf 74' lang='lat' dir='ltr'>POST</span> <span class='ocrx_word' id='word_1_4' title='bbox 2144 623 2490 676; x_wconf 78' lang='lat' dir='ltr'><strong>MORTEM.</strong></span> <span class='ocrx_word' id='word_1_5' title='bbox 2696 625 2815 693; x_wconf 76' lang='lat'><strong>315</strong></span> 
     </span>
    </p>
   </div>
   <div class='ocr_carea' id='block_1_2' title="bbox 535 793 2889 4691">
    <p class='ocr_par' dir='ltr' id='par_1_2' title="bbox 535 793 2889 4691">
     <span class='ocr_line' id='line_1_2' title="bbox 579 793 2861 877; baseline 0 -19"><span class='ocrx_word' id='word_1_6' title='bbox 579 793 858 870; x_wconf 85' lang='lat' dir='ltr'><strong>mundo,</strong></span> <span class='ocrx_word' id='word_1_7' title='bbox 898 793 1120 874; x_wconf 84' lang='lat' dir='ltr'><strong>gavisi</strong></span> <span class='ocrx_word' id='word_1_8' title='bbox 1163 795 1324 868; x_wconf 85' lang='lat' dir='ltr'><strong>sint,</strong></span> <span class='ocrx_word' id='word_1_9' title='bbox 1363 793 1548 877; x_wconf 82' lang='lat' dir='ltr'><strong>quod</strong></span> <span class='ocrx_word' id='word_1_10' title='bbox 1593 813 1757 857; x_wconf 83' lang='lat' dir='ltr'><strong>suos</strong></span> <span class='ocrx_word' id='word_1_11' title='bbox 1799 794 2059 857; x_wconf 81' lang='lat' dir='ltr'><strong>amicos</strong></span> <span class='ocrx_word' id='word_1_12' title='bbox 2104 794 2353 860; x_wconf 86' lang='lat' dir='ltr'><strong>iterum</strong></span> <span class='ocrx_word' id='word_1_13' title='bbox 2400 795 2705 872; x_wconf 87' lang='lat' dir='ltr'><strong>videant,</strong></span> <span class='ocrx_word' id='word_1_14' title='bbox 2743 805 2819 861; x_wconf 90' lang='lat' dir='ltr'><strong>et</strong></span> <span class='ocrx_word' id='word_1_15' title='bbox 2852 849 2861 858; x_wconf 96' lang='lat'><strong>.</strong></span> 
     </span>
     <span class='ocr_line' id='line_1_3' title="bbox 575 888 2815 972; baseline 0 -19"><span class='ocrx_word' id='word_1_16' title='bbox 575 890 780 953; x_wconf 87' lang='lat' dir='ltr'><strong>amici</strong></span> <span class='ocrx_word' id='word_1_17' title='bbox 811 889 1109 952; x_wconf 88' lang='lat' dir='ltr'><strong>vicissim</strong></span> <span class='ocrx_word' id='word_1_18' title='bbox 1141 889 1324 972; x_wconf 88' lang='lat' dir='ltr'><strong>quod</strong></span> <span class='ocrx_word' id='word_1_19' title='bbox 1356 890 1444 952; x_wconf 88' lang='lat' dir='ltr'><strong>ad</strong></span> <span class='ocrx_word' id='word_1_20' title='bbox 1483 888 1642 952; x_wconf 71' lang='lat' dir='ltr'><strong>Illos</strong></span> <span class='ocrx_word' id='word_1_21' title='bbox 1673 889 2009 953; x_wconf 82' lang='lat' dir='ltr'><strong>venerint.</strong></span> <span class='ocrx_word' id='word_1_22' title='bbox 2100 889 2258 954; x_wconf 87' lang='lat' dir='ltr'><strong>Hoc</strong></span> <span class='ocrx_word' id='word_1_23' title='bbox 2289 909 2653 954; x_wconf 86' lang='lat' dir='ltr'><strong>commune</strong></span> <span class='ocrx_word' id='word_1_24' title='bbox 2684 899 2815 966; x_wconf 86' lang='lat' dir='ltr'><strong>est,</strong></span> 
     </span>
     <span class='ocr_line' id='line_1_4' title="bbox 576 984 2819 1069; baseline 0 -21"><span class='ocrx_word' id='word_1_25' title='bbox 576 986 760 1069; x_wconf 88' lang='lat' dir='ltr'><strong>quod</strong></span> <span class='ocrx_word' id='word_1_26' title='bbox 821 985 1072 1067; x_wconf 86' lang='lat' dir='ltr'><strong>conjux</strong></span> <span class='ocrx_word' id='word_1_27' title='bbox 1129 984 1496 1068; x_wconf 87' lang='lat' dir='ltr'><strong>conjugem</strong></span> <span class='ocrx_word' id='word_1_28' title='bbox 1543 987 1936 1061; x_wconf 82' lang='lat' dir='ltr'><strong>conveniat,</strong></span> <span class='ocrx_word' id='word_1_29' title='bbox 1976 995 2049 1049; x_wconf 90' lang='lat' dir='ltr'><strong>et</strong></span> <span class='ocrx_word' id='word_1_30' title='bbox 2108 986 2687 1068; x_wconf 76' lang='lat' dir='ltr'><strong>congratulentur</strong></span> <span class='ocrx_word' id='word_1_31' title='bbox 2744 1007 2819 1050; x_wconf 88' lang='lat' dir='ltr'><strong>se</strong></span> 
     </span>
     <span class='ocr_line' id='line_1_5' title="bbox 577 1082 2817 1160; baseline 0.001 -16"><span class='ocrx_word' id='word_1_32' title='bbox 577 1092 859 1160; x_wconf 84' lang='lat' dir='ltr'><strong>mutuo;</strong></span> <span class='ocrx_word' id='word_1_33' title='bbox 925 1089 1444 1145; x_wconf 82' lang='lat' dir='ltr'><strong>commorantur</strong></span> <span class='ocrx_word' id='word_1_34' title='bbox 1487 1083 1703 1146; x_wconf 82' lang='lat' dir='ltr'><strong>etiarn</strong></span> <span class='ocrx_word' id='word_1_35' title='bbox 1748 1101 1902 1156; x_wconf 88' lang='lat' dir='ltr'><strong>una,</strong></span> <span class='ocrx_word' id='word_1_36' title='bbox 1953 1082 2075 1146; x_wconf 81' lang='lat' dir='ltr'><strong>sed</strong></span> <span class='ocrx_word' id='word_1_37' title='bbox 2121 1083 2375 1146; x_wconf 89' lang='lat' dir='ltr'><strong>diutius</strong></span> <span class='ocrx_word' id='word_1_38' title='bbox 2422 1091 2493 1147; x_wconf 87' lang='lat' dir='ltr'><strong>ct</strong></span> <span class='ocrx_word' id='word_1_39' title='bbox 2540 1083 2817 1147; x_wconf 86' lang='lat' dir='ltr'><strong>brevius</strong></span> 
     </span>
     <span class='ocr_line' id='line_1_6' title="bbox 575 1175 2813 1261; baseline 0 -22"><span class='ocrx_word' id='word_1_40' title='bbox 575 1176 951 1239; x_wconf 86' lang='lat' dir='ltr'><strong>secundum</strong></span> <span class='ocrx_word' id='word_1_41' title='bbox 989 1175 1530 1240; x_wconf 80' lang='lat' dir='ltr'><strong>cohabitationis</strong></span> <span class='ocrx_word' id='word_1_42' title='bbox 1559 1176 1931 1256; x_wconf 85' lang='lat' dir='ltr'><strong>jucundum</strong></span> <span class='ocrx_word' id='word_1_43' title='bbox 1980 1177 2048 1240; x_wconf 89' lang='lat' dir='ltr'><strong>in</strong></span> <span class='ocrx_word' id='word_1_44' title='bbox 2094 1177 2399 1256; x_wconf 84' lang='lat' dir='ltr'><strong>mundo;</strong></span> <span class='ocrx_word' id='word_1_45' title='bbox 2460 1187 2533 1242; x_wconf 91' lang='lat' dir='ltr'><strong>at</strong></span> <span class='ocrx_word' id='word_1_46' title='bbox 2578 1197 2813 1261; x_wconf 85' lang='lat' dir='ltr'><strong>usque,</strong></span> 
     </span>
     <span class='ocr_line' id='line_1_7' title="bbox 573 1270 2818 1358; baseline 0.001 -25"><span class='ocrx_word' id='word_1_47' title='bbox 573 1273 630 1333; x_wconf 88' lang='lat' dir='ltr'><strong>si</strong></span> <span class='ocrx_word' id='word_1_48' title='bbox 690 1291 828 1334; x_wconf 90' lang='lat' dir='ltr'><strong>non</strong></span> <span class='ocrx_word' id='word_1_49' title='bbox 882 1291 1075 1334; x_wconf 88' lang='lat' dir='ltr'><strong>amor</strong></span> <span class='ocrx_word' id='word_1_50' title='bbox 1119 1291 1280 1334; x_wconf 89' lang='lat' dir='ltr'><strong>vere</strong></span> <span class='ocrx_word' id='word_1_51' title='bbox 1317 1271 1723 1353; x_wconf 83' lang='lat' dir='ltr'><strong>conjugialis</strong></span> <span class='ocrx_word' id='word_1_52' title='bbox 1780 1291 1905 1336; x_wconf 89' lang='lat' dir='ltr'><strong>eos</strong></span> <span class='ocrx_word' id='word_1_53' title='bbox 1954 1270 2413 1354; x_wconf 83' lang='lat' dir='ltr'><strong>conjunxerit,</strong></span> <span class='ocrx_word' id='word_1_54' title='bbox 2453 1273 2566 1358; x_wconf 87' lang='lat' dir='ltr'><strong>qui</strong></span> <span class='ocrx_word' id='word_1_55' title='bbox 2624 1291 2818 1336; x_wconf 84' lang='lat' dir='ltr'><strong>amor</strong></span> 
     </span>
     <span class='ocr_line' id='line_1_8' title="bbox 573 1364 2816 1452; baseline 0.001 -23"><span class='ocrx_word' id='word_1_56' title='bbox 573 1376 680 1429; x_wconf 85' lang='lat' dir='ltr'><strong>est</strong></span> <span class='ocrx_word' id='word_1_57' title='bbox 727 1364 1115 1448; x_wconf 68' lang='lat' dir='ltr'><strong>conjunctio</strong></span> <span class='ocrx_word' id='word_1_58' title='bbox 1161 1367 1495 1430; x_wconf 86' lang='lat' dir='ltr'><strong>mentium</strong></span> <span class='ocrx_word' id='word_1_59' title='bbox 1542 1387 1632 1430; x_wconf 83' lang='lat' dir='ltr'><strong>ex</strong></span> <span class='ocrx_word' id='word_1_60' title='bbox 1679 1387 1917 1431; x_wconf 88' lang='lat' dir='ltr'><strong>amore</strong></span> <span class='ocrx_word' id='word_1_61' title='bbox 1960 1367 2266 1442; x_wconf 86' lang='lat' dir='ltr'><strong>caelesti,</strong></span> <span class='ocrx_word' id='word_1_62' title='bbox 2308 1377 2469 1451; x_wconf 87' lang='lat' dir='ltr'><strong>post</strong></span> <span class='ocrx_word' id='word_1_63' title='bbox 2506 1369 2816 1452; x_wconf 88' lang='lat' dir='ltr'><strong>aliquan·</strong></span> 
     </span>
     <span class='ocr_line' id='line_1_9' title="bbox 573 1461 2815 1543; baseline 0.001 -19"><span class='ocrx_word' id='word_1_64' title='bbox 573 1472 720 1524; x_wconf 88' lang='lat' dir='ltr'><strong>tam</strong></span> <span class='ocrx_word' id='word_1_65' title='bbox 765 1463 1383 1526; x_wconf 88' lang='lat' dir='ltr'><strong>commorationem</strong></span> <span class='ocrx_word' id='word_1_66' title='bbox 1421 1471 1844 1543; x_wconf 80' lang='lat' dir='ltr'><strong>separantur.</strong></span> <span class='ocrx_word' id='word_1_67' title='bbox 1936 1461 2006 1526; x_wconf 87' lang='lat' dir='ltr'><strong>Si</strong></span> <span class='ocrx_word' id='word_1_68' title='bbox 2053 1472 2281 1526; x_wconf 89' lang='lat' dir='ltr'><strong>autem</strong></span> <span class='ocrx_word' id='word_1_69' title='bbox 2331 1473 2603 1526; x_wconf 82' lang='lat' dir='ltr'><strong>mentes</strong></span> <span class='ocrx_word' id='word_1_70' title='bbox 2649 1483 2815 1526; x_wconf 88' lang='lat' dir='ltr'><strong>con·</strong></span> 
     </span>
     <span class='ocr_line' id='line_1_10' title="bbox 564 1555 2817 1638; baseline 0.001 -19"><span class='ocrx_word' id='word_1_71' title='bbox 564 1555 800 1638; x_wconf 87' lang='lat' dir='ltr'><strong>jugum</strong></span> <span class='ocrx_word' id='word_1_72' title='bbox 861 1555 1346 1622; x_wconf 60' lang='lat' dir='ltr'><strong>”dissederant</strong></span> <span class='ocrx_word' id='word_1_73' title='bbox 1409 1558 1592 1621; x_wconf 86' lang='lat' dir='ltr'><strong>inter</strong></span> <span class='ocrx_word' id='word_1_74' title='bbox 1656 1578 1754 1631; x_wconf 89' lang='lat' dir='ltr'><strong>se,</strong></span> <span class='ocrx_word' id='word_1_75' title='bbox 1814 1577 1895 1621; x_wconf 90' lang='lat' dir='ltr'><strong>ac</strong></span> <span class='ocrx_word' id='word_1_76' title='bbox 1964 1577 2037 1621; x_wconf 90' lang='lat' dir='ltr'><strong>se</strong></span> <span class='ocrx_word' id='word_1_77' title='bbox 2103 1559 2387 1621; x_wconf 87' lang='lat' dir='ltr'><strong>interius</strong></span> <span class='ocrx_word' id='word_1_78' title='bbox 2453 1566 2817 1622; x_wconf 82' lang='lat' dir='ltr'><strong>aversatae</strong></span> 
     </span>
     <span class='ocr_line' id='line_1_11' title="bbox 570 1651 2815 1737; baseline 0.001 -23"><span class='ocrx_word' id='word_1_79' title='bbox 570 1651 863 1731; x_wconf 84' lang='lat' dir='ltr'><strong>fuerunt,</strong></span> <span class='ocrx_word' id='word_1_80' title='bbox 911 1663 1278 1733; x_wconf 89' lang='lat' dir='ltr'><strong>erumpunt</strong></span> <span class='ocrx_word' id='word_1_81' title='bbox 1337 1653 1406 1716; x_wconf 91' lang='lat' dir='ltr'><strong>in</strong></span> <span class='ocrx_word' id='word_1_82' title='bbox 1468 1663 1746 1736; x_wconf 87' lang='lat' dir='ltr'><strong>apertas</strong></span> <span class='ocrx_word' id='word_1_83' title='bbox 1805 1653 2223 1729; x_wconf 70' lang='lat' dir='ltr'><strong>inimicitiae,</strong></span> <span class='ocrx_word' id='word_1_84' title='bbox 2271 1663 2345 1717; x_wconf 91' lang='lat' dir='ltr'><strong>et</strong></span> <span class='ocrx_word' id='word_1_85' title='bbox 2403 1653 2815 1737; x_wconf 88' lang='lat' dir='ltr'><strong>quandoque</strong></span> 
     </span>
     <span class='ocr_line' id='line_1_12' title="bbox 569 1748 2813 1831; baseline 0 -21"><span class='ocrx_word' id='word_1_86' title='bbox 569 1748 752 1813; x_wconf 90' lang='lat' dir='ltr'><strong>inter</strong></span> <span class='ocrx_word' id='word_1_87' title='bbox 785 1769 860 1812; x_wconf 84' lang='lat' dir='ltr'><strong>se</strong></span> <span class='ocrx_word' id='word_1_88' title='bbox 899 1748 1273 1826; x_wconf 83' lang='lat' dir='ltr'><strong>dimicant;</strong></span> <span class='ocrx_word' id='word_1_89' title='bbox 1320 1759 1390 1814; x_wconf 88' lang='lat' dir='ltr'><strong>et</strong></span> <span class='ocrx_word' id='word_1_90' title='bbox 1429 1757 1665 1813; x_wconf 88' lang='lat' dir='ltr'><strong>tamen</strong></span> <span class='ocrx_word' id='word_1_91' title='bbox 1706 1768 1917 1830; x_wconf 88' lang='lat' dir='ltr'><strong>usque</strong></span> <span class='ocrx_word' id='word_1_92' title='bbox 1956 1769 2093 1811; x_wconf 90' lang='lat' dir='ltr'><strong>non</strong></span> <span class='ocrx_word' id='word_1_93' title='bbox 2132 1757 2555 1831; x_wconf 82' lang='lat' dir='ltr'><strong>separantur,</strong></span> <span class='ocrx_word' id='word_1_94' title='bbox 2596 1751 2813 1830; x_wconf 87' lang='lat' dir='ltr'><strong>prius·</strong></span> 
     </span>
     <span class='ocr_line' id='line_1_13' title="bbox 569 1841 2812 1927; baseline 0.001 -21"><span class='ocrx_word' id='word_1_95' title='bbox 569 1861 774 1925; x_wconf 84' lang='lat' dir='ltr'><strong>quam</strong></span> <span class='ocrx_word' id='word_1_96' title='bbox 807 1841 1098 1906; x_wconf 85' lang='lat' dir='ltr'><strong>alterum</strong></span> <span class='ocrx_word' id='word_1_97' title='bbox 1133 1850 1416 1919; x_wconf 88' lang='lat' dir='ltr'><strong>statum,</strong></span> <span class='ocrx_word' id='word_1_98' title='bbox 1443 1844 1530 1908; x_wconf 92' lang='lat' dir='ltr'><strong>de</strong></span> <span class='ocrx_word' id='word_1_99' title='bbox 1563 1863 1699 1927; x_wconf 90' lang='lat' dir='ltr'><strong>quo</strong></span> <span class='ocrx_word' id='word_1_100' title='bbox 1736 1845 1803 1906; x_wconf 91' lang='lat' dir='ltr'><strong>in</strong></span> <span class='ocrx_word' id='word_1_101' title='bbox 1845 1863 2009 1907; x_wconf 85' lang='lat' dir='ltr'><strong>mox</strong></span> <span class='ocrx_word' id='word_1_102' title='bbox 2050 1844 2515 1926; x_wconf 81' lang='lat' dir='ltr'><strong>sequentibus,</strong></span> <span class='ocrx_word' id='word_1_103' title='bbox 2550 1845 2812 1910; x_wconf 88' lang='lat' dir='ltr'><strong>ineunt.</strong></span> 
     </span>
     <span class='ocr_line' id='line_1_14' title="bbox 692 1935 2815 2022; baseline 0.001 -21"><span class='ocrx_word' id='word_1_104' title='bbox 692 1950 900 2021; x_wconf 70' lang='lat'><strong>495.</strong></span> <span class='ocrx_word' id='word_1_105' title='bbox 961 1935 1140 2018; x_wconf 84' lang='lat' dir='ltr'><strong>Quia</strong></span> <span class='ocrx_word' id='word_1_106' title='bbox 1175 1939 1322 2001; x_wconf 83' lang='lat' dir='ltr'><strong>vita</strong></span> <span class='ocrx_word' id='word_1_107' title='bbox 1359 1940 1741 2002; x_wconf 87' lang='lat' dir='ltr'><strong>recentium</strong></span> <span class='ocrx_word' id='word_1_108' title='bbox 1774 1939 2133 2022; x_wconf 84' lang='lat' dir='ltr'><strong>spirituum</strong></span> <span class='ocrx_word' id='word_1_109' title='bbox 2172 1959 2310 2002; x_wconf 90' lang='lat' dir='ltr'><strong>non</strong></span> <span class='ocrx_word' id='word_1_110' title='bbox 2343 1939 2675 2002; x_wconf 83' lang='lat' dir='ltr'><strong>absimilis</strong></span> <span class='ocrx_word' id='word_1_111' title='bbox 2704 1949 2815 2005; x_wconf 86' lang='lat' dir='ltr'><strong>est</strong></span> 
     </span>
     <span class='ocr_line' id='line_1_15' title="bbox 569 2031 2813 2118; baseline 0.002 -24"><span class='ocrx_word' id='word_1_112' title='bbox 569 2031 756 2096; x_wconf 86' lang='lat' dir='ltr'><strong>vitae</strong></span> <span class='ocrx_word' id='word_1_113' title='bbox 802 2031 1072 2095; x_wconf 89' lang='lat' dir='ltr'><strong>illorum</strong></span> <span class='ocrx_word' id='word_1_114' title='bbox 1119 2031 1186 2096; x_wconf 91' lang='lat' dir='ltr'><strong>in</strong></span> <span class='ocrx_word' id='word_1_115' title='bbox 1233 2033 1523 2097; x_wconf 88' lang='lat' dir='ltr'><strong>naturali</strong></span> <span class='ocrx_word' id='word_1_116' title='bbox 1569 2034 1849 2110; x_wconf 88' lang='lat' dir='ltr'><strong>mund0,</strong></span> <span class='ocrx_word' id='word_1_117' title='bbox 1898 2044 1971 2098; x_wconf 92' lang='lat' dir='ltr'><strong>et</strong></span> <span class='ocrx_word' id='word_1_118' title='bbox 2026 2036 2182 2118; x_wconf 88' lang='lat' dir='ltr'><strong>quia</strong></span> <span class='ocrx_word' id='word_1_119' title='bbox 2227 2055 2367 2098; x_wconf 88' lang='lat' dir='ltr'><strong>non</strong></span> <span class='ocrx_word' id='word_1_120' title='bbox 2415 2037 2642 2098; x_wconf 85' lang='lat' dir='ltr'><strong>sciunt</strong></span> <span class='ocrx_word' id='word_1_121' title='bbox 2688 2037 2813 2100; x_wconf 89' lang='lat' dir='ltr'><strong>all·</strong></span> 
     </span>
     <span class='ocr_line' id='line_1_16' title="bbox 569 2127 2813 2214; baseline 0.003 -24"><span class='ocrx_word' id='word_1_122' title='bbox 569 2127 728 2210; x_wconf 90' lang='lat' dir='ltr'><strong>quid</strong></span> <span class='ocrx_word' id='word_1_123' title='bbox 761 2128 849 2191; x_wconf 92' lang='lat' dir='ltr'><strong>de</strong></span> <span class='ocrx_word' id='word_1_124' title='bbox 883 2136 1072 2192; x_wconf 87' lang='lat' dir='ltr'><strong>statu</strong></span> <span class='ocrx_word' id='word_1_125' title='bbox 1104 2127 1291 2192; x_wconf 88' lang='lat' dir='ltr'><strong>vitae</strong></span> <span class='ocrx_word' id='word_1_126' title='bbox 1316 2149 1478 2193; x_wconf 84' lang='lat' dir='ltr'><strong>suae</strong></span> <span class='ocrx_word' id='word_1_127' title='bbox 1510 2140 1667 2212; x_wconf 86' lang='lat' dir='ltr'><strong>post</strong></span> <span class='ocrx_word' id='word_1_128' title='bbox 1703 2140 2020 2203; x_wconf 88' lang='lat' dir='ltr'><strong>mortem,</strong></span> <span class='ocrx_word' id='word_1_129' title='bbox 2050 2148 2177 2194; x_wconf 90' lang='lat' dir='ltr'><strong>nec</strong></span> <span class='ocrx_word' id='word_1_130' title='bbox 2210 2131 2463 2214; x_wconf 85' lang='lat' dir='ltr'><strong>aliquid</strong></span> <span class='ocrx_word' id='word_1_131' title='bbox 2497 2132 2585 2195; x_wconf 90' lang='lat' dir='ltr'><strong>de</strong></span> <span class='ocrx_word' id='word_1_132' title='bbox 2618 2133 2813 2197; x_wconf 87' lang='lat' dir='ltr'><strong>caelo</strong></span> 
     </span>
     <span class='ocr_line' id='line_1_17' title="bbox 535 2224 2813 2308; baseline 0.003 -22"><span class='ocrx_word' id='word_1_133' title='bbox 535 2235 641 2300; x_wconf 51' lang='lat' dir='ltr'><strong>,et</strong></span> <span class='ocrx_word' id='word_1_134' title='bbox 687 2224 972 2298; x_wconf 84' lang='lat' dir='ltr'><strong>inferno,</strong></span> <span class='ocrx_word' id='word_1_135' title='bbox 1021 2235 1298 2307; x_wconf 88' lang='lat' dir='ltr'><strong>praeter</strong></span> <span class='ocrx_word' id='word_1_136' title='bbox 1343 2243 1518 2308; x_wconf 87' lang='lat' dir='ltr'><strong>quae</strong></span> <span class='ocrx_word' id='word_1_137' title='bbox 1563 2245 1654 2289; x_wconf 85' lang='lat' dir='ltr'><strong>ex</strong></span> <span class='ocrx_word' id='word_1_138' title='bbox 1702 2243 1907 2288; x_wconf 86' lang='lat' dir='ltr'><strong>sensu</strong></span> <span class='ocrx_word' id='word_1_139' title='bbox 1956 2224 2233 2290; x_wconf 84' lang='lat' dir='ltr'><strong>litterae</strong></span> <span class='ocrx_word' id='word_1_140' title='bbox 2270 2225 2486 2290; x_wconf 90' lang='lat' dir='ltr'><strong>Verbi</strong></span> <span class='ocrx_word' id='word_1_141' title='bbox 2532 2238 2604 2291; x_wconf 88' lang='lat' dir='ltr'><strong>et</strong></span> <span class='ocrx_word' id='word_1_142' title='bbox 2651 2229 2813 2292; x_wconf 88' lang='lat' dir='ltr'><strong>inde</strong></span> 
     </span>
     <span class='ocr_line' id='line_1_18' title="bbox 567 2318 2812 2406; baseline 0.002 -24"><span class='ocrx_word' id='word_1_143' title='bbox 567 2318 1078 2401; x_wconf 86' lang='lat' dir='ltr'><strong>praedicatione</strong></span> <span class='ocrx_word' id='word_1_144' title='bbox 1116 2319 1525 2396; x_wconf 88' lang='lat' dir='ltr'><strong>didicerunt,</strong></span> <span class='ocrx_word' id='word_1_145' title='bbox 1565 2319 1725 2384; x_wconf 92' lang='lat' dir='ltr'><strong>ideo</strong></span> <span class='ocrx_word' id='word_1_146' title='bbox 1760 2330 2131 2403; x_wconf 82' lang='lat' dir='ltr'><strong>postquam</strong></span> <span class='ocrx_word' id='word_1_147' title='bbox 2170 2322 2392 2385; x_wconf 90' lang='lat' dir='ltr'><strong>mirati</strong></span> <span class='ocrx_word' id='word_1_148' title='bbox 2430 2333 2590 2386; x_wconf 89' lang='lat' dir='ltr'><strong>sunt</strong></span> <span class='ocrx_word' id='word_1_149' title='bbox 2630 2325 2812 2406; x_wconf 91' lang='lat' dir='ltr'><strong>quod</strong></span> 
     </span>
     <span class='ocr_line' id='line_1_19' title="bbox 566 2416 2811 2498; baseline 0.002 -20"><span class='ocrx_word' id='word_1_150' title='bbox 566 2417 632 2478; x_wconf 90' lang='lat' dir='ltr'><strong>in</strong></span> <span class='ocrx_word' id='word_1_151' title='bbox 693 2435 978 2496; x_wconf 90' lang='lat' dir='ltr'><strong>corpore</strong></span> <span class='ocrx_word' id='word_1_152' title='bbox 1023 2416 1184 2490; x_wconf 89' lang='lat' dir='ltr'><strong>sint,</strong></span> <span class='ocrx_word' id='word_1_153' title='bbox 1226 2424 1298 2480; x_wconf 93' lang='lat' dir='ltr'><strong>et</strong></span> <span class='ocrx_word' id='word_1_154' title='bbox 1355 2416 1424 2480; x_wconf 88' lang='lat' dir='ltr'><strong>in</strong></span> <span class='ocrx_word' id='word_1_155' title='bbox 1484 2417 1672 2480; x_wconf 89' lang='lat' dir='ltr'><strong>omni</strong></span> <span class='ocrx_word' id='word_1_156' title='bbox 1712 2435 1916 2479; x_wconf 83' lang='lat' dir='ltr'><strong>sensu</strong></span> <span class='ocrx_word' id='word_1_157' title='bbox 1974 2417 2044 2479; x_wconf 90' lang='lat' dir='ltr'><strong>in</strong></span> <span class='ocrx_word' id='word_1_158' title='bbox 2088 2435 2227 2498; x_wconf 91' lang='lat' dir='ltr'><strong>quo</strong></span> <span class='ocrx_word' id='word_1_159' title='bbox 2286 2417 2354 2480; x_wconf 90' lang='lat' dir='ltr'><strong>in</strong></span> <span class='ocrx_word' id='word_1_160' title='bbox 2418 2418 2697 2494; x_wconf 78' lang='lat' dir='ltr'><strong>munde,</strong></span> <span class='ocrx_word' id='word_1_161' title='bbox 2738 2431 2811 2484; x_wconf 89' lang='lat' dir='ltr'><strong>et</strong></span> 
     </span>
     <span class='ocr_line' id='line_1_20' title="bbox 566 2509 2811 2597; baseline 0.003 -24"><span class='ocrx_word' id='word_1_162' title='bbox 566 2510 749 2593; x_wconf 91' lang='lat' dir='ltr'><strong>quod</strong></span> <span class='ocrx_word' id='word_1_163' title='bbox 788 2509 1035 2574; x_wconf 85' lang='lat' dir='ltr'><strong>similia</strong></span> <span class='ocrx_word' id='word_1_164' title='bbox 1065 2511 1373 2588; x_wconf 87' lang='lat' dir='ltr'><strong>videant,</strong></span> <span class='ocrx_word' id='word_1_165' title='bbox 1415 2513 1482 2574; x_wconf 89' lang='lat' dir='ltr'><strong>in</strong></span> <span class='ocrx_word' id='word_1_166' title='bbox 1528 2512 1943 2576; x_wconf 87' lang='lat' dir='ltr'><strong>desiderium</strong></span> <span class='ocrx_word' id='word_1_167' title='bbox 1981 2513 2267 2576; x_wconf 86' lang='lat' dir='ltr'><strong>veniunt</strong></span> <span class='ocrx_word' id='word_1_168' title='bbox 2304 2513 2567 2576; x_wconf 87' lang='lat' dir='ltr'><strong>sciendi</strong></span> <span class='ocrx_word' id='word_1_169' title='bbox 2606 2514 2811 2597; x_wconf 84' lang='lat' dir='ltr'><strong>quale</strong></span> 
     </span>
     <span class='ocr_line' id='line_1_21' title="bbox 565 2603 2889 2690; baseline 0.003 -21"><span class='ocrx_word' id='word_1_170' title='bbox 565 2615 673 2670; x_wconf 87' lang='lat' dir='ltr'><strong>est</strong></span> <span class='ocrx_word' id='word_1_171' title='bbox 707 2603 994 2682; x_wconf 88' lang='lat' dir='ltr'><strong>caelum,</strong></span> <span class='ocrx_word' id='word_1_172' title='bbox 1031 2616 1102 2670; x_wconf 90' lang='lat' dir='ltr'><strong>et</strong></span> <span class='ocrx_word' id='word_1_173' title='bbox 1136 2606 1334 2690; x_wconf 90' lang='lat' dir='ltr'><strong>quale</strong></span> <span class='ocrx_word' id='word_1_174' title='bbox 1366 2607 1724 2683; x_wconf 82' lang='lat' dir='ltr'><strong>infernum,</strong></span> <span class='ocrx_word' id='word_1_175' title='bbox 1760 2625 1837 2671; x_wconf 90' lang='lat' dir='ltr'><strong>ac</strong></span> <span class='ocrx_word' id='word_1_176' title='bbox 1871 2607 2167 2670; x_wconf 88' lang='lat' dir='ltr'><strong>ubinam.</strong></span> <span class='ocrx_word' id='word_1_177' title='bbox 2258 2606 2489 2690; x_wconf 85' lang='lat' dir='ltr'><strong>Quare</strong></span> <span class='ocrx_word' id='word_1_178' title='bbox 2522 2610 2611 2673; x_wconf 81' lang='lat' dir='ltr'><strong>ab</strong></span> <span class='ocrx_word' id='word_1_179' title='bbox 2641 2611 2809 2675; x_wconf 87' lang='lat' dir='ltr'><strong>arni-</strong></span> <span class='ocrx_word' id='word_1_180' title='bbox 2883 2603 2889 2608; x_wconf 66' lang='grc'>’</span> 
     </span>
     <span class='ocr_line' id='line_1_22' title="bbox 565 2702 2809 2787; baseline 0.002 -22"><span class='ocrx_word' id='word_1_181' title='bbox 565 2702 662 2765; x_wconf 89' lang='lat' dir='ltr'><strong>cis</strong></span> <span class='ocrx_word' id='word_1_182' title='bbox 699 2702 1118 2766; x_wconf 86' lang='lat' dir='ltr'><strong>instruuntur</strong></span> <span class='ocrx_word' id='word_1_183' title='bbox 1153 2702 1240 2765; x_wconf 88' lang='lat' dir='ltr'><strong>de</strong></span> <span class='ocrx_word' id='word_1_184' title='bbox 1277 2713 1469 2766; x_wconf 87' lang='lat' dir='ltr'><strong>statu</strong></span> <span class='ocrx_word' id='word_1_185' title='bbox 1505 2704 1690 2766; x_wconf 86' lang='lat' dir='ltr'><strong>vitae</strong></span> <span class='ocrx_word' id='word_1_186' title='bbox 1728 2712 2073 2777; x_wconf 90' lang='lat' dir='ltr'><strong>aeternae,</strong></span> <span class='ocrx_word' id='word_1_187' title='bbox 2108 2712 2181 2767; x_wconf 89' lang='lat' dir='ltr'><strong>et</strong></span> <span class='ocrx_word' id='word_1_188' title='bbox 2220 2723 2487 2787; x_wconf 89' lang='lat' dir='ltr'><strong>quoque</strong></span> <span class='ocrx_word' id='word_1_189' title='bbox 2520 2707 2809 2769; x_wconf 87' lang='lat' dir='ltr'><strong>circum·</strong></span> 
     </span>
     <span class='ocr_line' id='line_1_23' title="bbox 564 2796 2807 2883; baseline 0.002 -24"><span class='ocrx_word' id='word_1_190' title='bbox 564 2796 906 2861; x_wconf 87' lang='lat' dir='ltr'><strong>ducuntur</strong></span> <span class='ocrx_word' id='word_1_191' title='bbox 952 2798 1039 2860; x_wconf 88' lang='lat' dir='ltr'><strong>ad</strong></span> <span class='ocrx_word' id='word_1_192' title='bbox 1087 2798 1272 2861; x_wconf 88' lang='lat' dir='ltr'><strong>varia</strong></span> <span class='ocrx_word' id='word_1_193' title='bbox 1319 2798 1494 2873; x_wconf 88' lang='lat' dir='ltr'><strong>loca,</strong></span> <span class='ocrx_word' id='word_1_194' title='bbox 1533 2809 1605 2862; x_wconf 91' lang='lat' dir='ltr'><strong>et</strong></span> <span class='ocrx_word' id='word_1_195' title='bbox 1651 2798 1719 2863; x_wconf 91' lang='lat' dir='ltr'><strong>in</strong></span> <span class='ocrx_word' id='word_1_196' title='bbox 1766 2798 1953 2862; x_wconf 86' lang='lat' dir='ltr'><strong>varia</strong></span> <span class='ocrx_word' id='word_1_197' title='bbox 1998 2800 2371 2875; x_wconf 84' lang='lat' dir='ltr'><strong>consortia,</strong></span> <span class='ocrx_word' id='word_1_198' title='bbox 2412 2810 2483 2863; x_wconf 91' lang='lat' dir='ltr'><strong>et</strong></span> <span class='ocrx_word' id='word_1_199' title='bbox 2530 2800 2807 2883; x_wconf 89' lang='lat' dir='ltr'><strong>quidam</strong></span> 
     </span>
     <span class='ocr_line' id='line_1_24' title="bbox 564 2892 2807 2979; baseline 0.003 -26"><span class='ocrx_word' id='word_1_200' title='bbox 564 2893 630 2954; x_wconf 87' lang='lat' dir='ltr'><strong>in</strong></span> <span class='ocrx_word' id='word_1_201' title='bbox 668 2892 1010 2967; x_wconf 79' lang='lat' dir='ltr'><strong>civitateS,</strong></span> <span class='ocrx_word' id='word_1_202' title='bbox 1052 2903 1123 2956; x_wconf 89' lang='lat' dir='ltr'><strong>et</strong></span> <span class='ocrx_word' id='word_1_203' title='bbox 1159 2914 1426 2979; x_wconf 89' lang='lat' dir='ltr'><strong>quoque</strong></span> <span class='ocrx_word' id='word_1_204' title='bbox 1473 2893 1542 2956; x_wconf 91' lang='lat' dir='ltr'><strong>in</strong></span> <span class='ocrx_word' id='word_1_205' title='bbox 1580 2893 1823 2957; x_wconf 88' lang='lat' dir='ltr'><strong>hortos</strong></span> <span class='ocrx_word' id='word_1_206' title='bbox 1870 2904 1941 2958; x_wconf 92' lang='lat' dir='ltr'><strong>et</strong></span> <span class='ocrx_word' id='word_1_207' title='bbox 1989 2894 2365 2976; x_wconf 69' lang='lat' dir='ltr'><strong>paradisos„</strong></span> <span class='ocrx_word' id='word_1_208' title='bbox 2407 2894 2807 2978; x_wconf 89' lang='lat' dir='ltr'><strong>plerumque</strong></span> 
     </span>
     <span class='ocr_line' id='line_1_25' title="bbox 563 2984 2807 3073; baseline 0.002 -22"><span class='ocrx_word' id='word_1_209' title='bbox 563 2988 650 3051; x_wconf 88' lang='lat' dir='ltr'><strong>ad</strong></span> <span class='ocrx_word' id='word_1_210' title='bbox 699 2987 1082 3071; x_wconf 85' lang='lat' dir='ltr'><strong>magnifica,</strong></span> <span class='ocrx_word' id='word_1_211' title='bbox 1124 2990 1444 3072; x_wconf 90' lang='lat' dir='ltr'><strong>quoniam</strong></span> <span class='ocrx_word' id='word_1_212' title='bbox 1491 2987 1662 3053; x_wconf 89' lang='lat' dir='ltr'><strong>talia</strong></span> <span class='ocrx_word' id='word_1_213' title='bbox 1708 2984 2063 3053; x_wconf 60' lang='lat' dir='ltr'><strong>oblectant</strong></span> <span class='ocrx_word' id='word_1_214' title='bbox 2109 3000 2405 3053; x_wconf 86' lang='lat' dir='ltr'><strong>externa</strong></span> <span class='ocrx_word' id='word_1_215' title='bbox 2450 2990 2517 3053; x_wconf 90' lang='lat' dir='ltr'><strong>in</strong></span> <span class='ocrx_word' id='word_1_216' title='bbox 2565 2990 2807 3073; x_wconf 85' lang='lat' dir='ltr'><strong>quibus</strong></span> 
     </span>
     <span class='ocr_line' id='line_1_26' title="bbox 563 3080 2807 3167; baseline 0.003 -24"><span class='ocrx_word' id='word_1_217' title='bbox 563 3090 744 3145; x_wconf 86' lang='lat' dir='ltr'><strong>sunt.</strong></span> <span class='ocrx_word' id='word_1_218' title='bbox 835 3080 1178 3146; x_wconf 88' lang='lat' dir='ltr'><strong>Feruntur</strong></span> <span class='ocrx_word' id='word_1_219' title='bbox 1216 3093 1377 3146; x_wconf 90' lang='lat' dir='ltr'><strong>tunc</strong></span> <span class='ocrx_word' id='word_1_220' title='bbox 1417 3102 1540 3165; x_wconf 89' lang='lat' dir='ltr'><strong>per</strong></span> <span class='ocrx_word' id='word_1_221' title='bbox 1575 3085 1761 3147; x_wconf 86' lang='lat' dir='ltr'><strong>vices</strong></span> <span class='ocrx_word' id='word_1_222' title='bbox 1807 3085 1874 3147; x_wconf 92' lang='lat' dir='ltr'><strong>in</strong></span> <span class='ocrx_word' id='word_1_223' title='bbox 1914 3102 2071 3146; x_wconf 85' lang='lat' dir='ltr'><strong>suas</strong></span> <span class='ocrx_word' id='word_1_224' title='bbox 2108 3084 2598 3164; x_wconf 60' lang='lat' dir='ltr'><strong>cogitationes»,</strong></span> <span class='ocrx_word' id='word_1_225' title='bbox 2638 3104 2807 3167; x_wconf 88' lang='lat' dir='ltr'><strong>quas</strong></span> 
     </span>
     <span class='ocr_line' id='line_1_27' title="bbox 563 3178 2804 3262; baseline 0.001 -21"><span class='ocrx_word' id='word_1_226' title='bbox 563 3178 650 3241; x_wconf 88' lang='lat' dir='ltr'><strong>de</strong></span> <span class='ocrx_word' id='word_1_227' title='bbox 687 3186 875 3244; x_wconf 86' lang='lat' dir='ltr'><strong>statu</strong></span> <span class='ocrx_word' id='word_1_228' title='bbox 913 3196 1074 3241; x_wconf 88' lang='lat' dir='ltr'><strong>suae</strong></span> <span class='ocrx_word' id='word_1_229' title='bbox 1112 3179 1382 3241; x_wconf 88' lang='lat' dir='ltr'><strong>animae</strong></span> <span class='ocrx_word' id='word_1_230' title='bbox 1421 3188 1583 3261; x_wconf 88' lang='lat' dir='ltr'><strong>post</strong></span> <span class='ocrx_word' id='word_1_231' title='bbox 1621 3188 1941 3253; x_wconf 88' lang='lat' dir='ltr'><strong>mortem,</strong></span> <span class='ocrx_word' id='word_1_232' title='bbox 1982 3178 2204 3262; x_wconf 90' lang='lat' dir='ltr'><strong>deque</strong></span> <span class='ocrx_word' id='word_1_233' title='bbox 2237 3178 2431 3242; x_wconf 84' lang='lat' dir='ltr'><strong>caelo</strong></span> <span class='ocrx_word' id='word_1_234' title='bbox 2469 3188 2541 3243; x_wconf 89' lang='lat' dir='ltr'><strong>et</strong></span> <span class='ocrx_word' id='word_1_235' title='bbox 2580 3178 2667 3242; x_wconf 90' lang='lat' dir='ltr'><strong>de</strong></span> <span class='ocrx_word' id='word_1_236' title='bbox 2702 3181 2804 3243; x_wconf 88' lang='lat' dir='ltr'><strong>in·</strong></span> 
     </span>
     <span class='ocr_line' id='line_1_28' title="bbox 562 3274 2805 3357; baseline 0.001 -21"><span class='ocrx_word' id='word_1_237' title='bbox 562 3274 774 3349; x_wconf 84' lang='lat' dir='ltr'><strong>ferno,</strong></span> <span class='ocrx_word' id='word_1_238' title='bbox 808 3274 874 3336; x_wconf 91' lang='lat' dir='ltr'><strong>in</strong></span> <span class='ocrx_word' id='word_1_239' title='bbox 907 3274 1050 3337; x_wconf 87' lang='lat' dir='ltr'><strong>vita</strong></span> <span class='ocrx_word' id='word_1_240' title='bbox 1082 3275 1384 3355; x_wconf 89' lang='lat' dir='ltr'><strong>corporis</strong></span> <span class='ocrx_word' id='word_1_241' title='bbox 1414 3274 1823 3349; x_wconf 84' lang='lat' dir='ltr'><strong>habuerunt,</strong></span> <span class='ocrx_word' id='word_1_242' title='bbox 1851 3284 1921 3339; x_wconf 88' lang='lat' dir='ltr'><strong>et</strong></span> <span class='ocrx_word' id='word_1_243' title='bbox 1958 3274 2089 3339; x_wconf 91' lang='lat' dir='ltr'><strong>hoc</strong></span> <span class='ocrx_word' id='word_1_244' title='bbox 2126 3293 2336 3357; x_wconf 89' lang='lat' dir='ltr'><strong>usque</strong></span> <span class='ocrx_word' id='word_1_245' title='bbox 2367 3275 2453 3337; x_wconf 89' lang='lat' dir='ltr'><strong>ad</strong></span> <span class='ocrx_word' id='word_1_246' title='bbox 2488 3274 2805 3357; x_wconf 85' lang='lat' dir='ltr'><strong>indigna·</strong></span> 
     </span>
     <span class='ocr_line' id='line_1_29' title="bbox 561 3368 2806 3455; baseline 0.001 -23"><span class='ocrx_word' id='word_1_247' title='bbox 561 3369 822 3432; x_wconf 86' lang='lat' dir='ltr'><strong>tionem</strong></span> <span class='ocrx_word' id='word_1_248' title='bbox 884 3368 1067 3450; x_wconf 91' lang='lat' dir='ltr'><strong>quod</strong></span> <span class='ocrx_word' id='word_1_249' title='bbox 1127 3368 1223 3433; x_wconf 91' lang='lat' dir='ltr'><strong>illi</strong></span> <span class='ocrx_word' id='word_1_250' title='bbox 1285 3369 1454 3434; x_wconf 87' lang='lat' dir='ltr'><strong>talia</strong></span> <span class='ocrx_word' id='word_1_251' title='bbox 1513 3388 1790 3455; x_wconf 85' lang='lat' dir='ltr'><strong>prorsus</strong></span> <span class='ocrx_word' id='word_1_252' title='bbox 1852 3370 2350 3451; x_wconf 85' lang='lat' dir='ltr'><strong>ignoraverint,</strong></span> <span class='ocrx_word' id='word_1_253' title='bbox 2399 3379 2472 3433; x_wconf 88' lang='lat' dir='ltr'><strong>et</strong></span> <span class='ocrx_word' id='word_1_254' title='bbox 2534 3389 2806 3453; x_wconf 87' lang='lat' dir='ltr'><strong>quoque</strong></span> 
     </span>
     <span class='ocr_line' id='line_1_30' title="bbox 562 3462 2804 3549; baseline 0.001 -23"><span class='ocrx_word' id='word_1_255' title='bbox 562 3464 746 3549; x_wconf 91' lang='lat' dir='ltr'><strong>quod</strong></span> <span class='ocrx_word' id='word_1_256' title='bbox 793 3462 1088 3529; x_wconf 90' lang='lat' dir='ltr'><strong>ecclesia</strong></span> <span class='ocrx_word' id='word_1_257' title='bbox 1133 3466 1427 3547; x_wconf 84' lang='lat' dir='ltr'><strong>ignoret.</strong></span> <span class='ocrx_word' id='word_1_258' title='bbox 1519 3464 1747 3529; x_wconf 89' lang='lat' dir='ltr'><strong>Paene</strong></span> <span class='ocrx_word' id='word_1_259' title='bbox 1792 3484 2031 3528; x_wconf 86' lang='lat' dir='ltr'><strong>omnes</strong></span> <span class='ocrx_word' id='word_1_260' title='bbox 2085 3466 2369 3549; x_wconf 90' lang='lat' dir='ltr'><strong>cupiunt</strong></span> <span class='ocrx_word' id='word_1_261' title='bbox 2422 3466 2595 3527; x_wconf 89' lang='lat' dir='ltr'><strong>scire</strong></span> <span class='ocrx_word' id='word_1_262' title='bbox 2642 3484 2804 3529; x_wconf 90' lang='lat' dir='ltr'><strong>num</strong></span> 
     </span>
     <span class='ocr_line' id='line_1_31' title="bbox 560 3558 2801 3643; baseline 0 -21"><span class='ocrx_word' id='word_1_263' title='bbox 560 3561 629 3623; x_wconf 91' lang='lat' dir='ltr'><strong>in</strong></span> <span class='ocrx_word' id='word_1_264' title='bbox 668 3558 932 3624; x_wconf 88' lang='lat' dir='ltr'><strong>caelum</strong></span> <span class='ocrx_word' id='word_1_265' title='bbox 972 3562 1240 3624; x_wconf 86' lang='lat' dir='ltr'><strong>venturi</strong></span> <span class='ocrx_word' id='word_1_266' title='bbox 1273 3562 1451 3623; x_wconf 85' lang='lat' dir='ltr'><strong>sint:</strong></span> <span class='ocrx_word' id='word_1_267' title='bbox 1502 3559 1805 3643; x_wconf 88' lang='lat' dir='ltr'><strong>plerique</strong></span> <span class='ocrx_word' id='word_1_268' title='bbox 1844 3560 2135 3625; x_wconf 88' lang='lat' dir='ltr'><strong>credunt</strong></span> <span class='ocrx_word' id='word_1_269' title='bbox 2174 3559 2357 3643; x_wconf 89' lang='lat' dir='ltr'><strong>quod</strong></span> <span class='ocrx_word' id='word_1_270' title='bbox 2403 3560 2470 3623; x_wconf 89' lang='lat' dir='ltr'><strong>in</strong></span> <span class='ocrx_word' id='word_1_271' title='bbox 2510 3560 2801 3633; x_wconf 88' lang='lat' dir='ltr'><strong>caelum,</strong></span> 
     </span>
     <span class='ocr_line' id='line_1_32' title="bbox 560 3656 2804 3738; baseline 0 -20"><span class='ocrx_word' id='word_1_272' title='bbox 560 3656 716 3738; x_wconf 87' lang='lat' dir='ltr'><strong>quia</strong></span> <span class='ocrx_word' id='word_1_273' title='bbox 773 3656 842 3717; x_wconf 88' lang='lat' dir='ltr'><strong>in</strong></span> <span class='ocrx_word' id='word_1_274' title='bbox 897 3656 1153 3718; x_wconf 89' lang='lat' dir='ltr'><strong>mundo</strong></span> <span class='ocrx_word' id='word_1_275' title='bbox 1201 3656 1530 3719; x_wconf 89' lang='lat' dir='ltr'><strong>moralem</strong></span> <span class='ocrx_word' id='word_1_276' title='bbox 1580 3664 1650 3719; x_wconf 91' lang='lat' dir='ltr'><strong>et</strong></span> <span class='ocrx_word' id='word_1_277' title='bbox 1698 3656 1969 3719; x_wconf 86' lang='lat' dir='ltr'><strong>civilem</strong></span> <span class='ocrx_word' id='word_1_278' title='bbox 2018 3656 2231 3718; x_wconf 89' lang='lat' dir='ltr'><strong>vitam</strong></span> <span class='ocrx_word' id='word_1_279' title='bbox 2270 3665 2603 3737; x_wconf 80' lang='lat' dir='ltr'><strong>egerunt3</strong></span> <span class='ocrx_word' id='word_1_280' title='bbox 2665 3676 2804 3719; x_wconf 89' lang='lat' dir='ltr'><strong>non</strong></span> 
     </span>
     <span class='ocr_line' id='line_1_33' title="bbox 561 3748 2802 3835; baseline -0 -22"><span class='ocrx_word' id='word_1_281' title='bbox 561 3751 956 3833; x_wconf 86' lang='lat' dir='ltr'><strong>cogitantes</strong></span> <span class='ocrx_word' id='word_1_282' title='bbox 988 3751 1169 3835; x_wconf 92' lang='lat' dir='ltr'><strong>quod</strong></span> <span class='ocrx_word' id='word_1_283' title='bbox 1211 3750 1370 3814; x_wconf 89' lang='lat' dir='ltr'><strong>mali</strong></span> <span class='ocrx_word' id='word_1_284' title='bbox 1409 3771 1486 3814; x_wconf 90' lang='lat' dir='ltr'><strong>ac</strong></span> <span class='ocrx_word' id='word_1_285' title='bbox 1527 3750 1690 3814; x_wconf 89' lang='lat' dir='ltr'><strong>boni</strong></span> <span class='ocrx_word' id='word_1_286' title='bbox 1729 3748 2022 3814; x_wconf 90' lang='lat' dir='ltr'><strong>similem</strong></span> <span class='ocrx_word' id='word_1_287' title='bbox 2061 3752 2277 3815; x_wconf 89' lang='lat' dir='ltr'><strong>vitam</strong></span> <span class='ocrx_word' id='word_1_288' title='bbox 2315 3760 2531 3832; x_wconf 89' lang='lat' dir='ltr'><strong>agant</strong></span> <span class='ocrx_word' id='word_1_289' title='bbox 2572 3750 2637 3813; x_wconf 90' lang='lat' dir='ltr'><strong>in</strong></span> <span class='ocrx_word' id='word_1_290' title='bbox 2678 3769 2802 3813; x_wconf 89' lang='lat' dir='ltr'><strong>ex-</strong></span> 
     </span>
     <span class='ocr_line' id='line_1_34' title="bbox 561 3844 2805 3929; baseline -0.001 -16"><span class='ocrx_word' id='word_1_291' title='bbox 561 3849 796 3923; x_wconf 77' lang='lat' dir='ltr'><strong>terniS,</strong></span> <span class='ocrx_word' id='word_1_292' title='bbox 831 3845 1141 3911; x_wconf 87' lang='lat' dir='ltr'><strong>similiter</strong></span> <span class='ocrx_word' id='word_1_293' title='bbox 1177 3844 1326 3909; x_wconf 86' lang='lat' dir='ltr'><strong>aliis</strong></span> <span class='ocrx_word' id='word_1_294' title='bbox 1364 3847 1545 3909; x_wconf 91' lang='lat' dir='ltr'><strong>bona</strong></span> <span class='ocrx_word' id='word_1_295' title='bbox 1581 3845 1861 3920; x_wconf 86' lang='lat' dir='ltr'><strong>saciant,</strong></span> <span class='ocrx_word' id='word_1_296' title='bbox 1900 3866 1981 3909; x_wconf 88' lang='lat' dir='ltr'><strong>ac</strong></span> <span class='ocrx_word' id='word_1_297' title='bbox 2016 3846 2331 3911; x_wconf 87' lang='lat' dir='ltr'><strong>similiter</strong></span> <span class='ocrx_word' id='word_1_298' title='bbox 2366 3844 2805 3929; x_wconf 85' lang='lat' dir='ltr'><strong>frequentent</strong></span> 
     </span>
     <span class='ocr_line' id='line_1_35' title="bbox 561 3940 2805 4027; baseline -0.001 -20"><span class='ocrx_word' id='word_1_299' title='bbox 561 3942 847 4025; x_wconf 87' lang='lat' dir='ltr'><strong>templa,</strong></span> <span class='ocrx_word' id='word_1_300' title='bbox 897 3952 968 4007; x_wconf 90' lang='lat' dir='ltr'><strong>et</strong></span> <span class='ocrx_word' id='word_1_301' title='bbox 1027 3940 1423 4007; x_wconf 88' lang='lat' dir='ltr'><strong>auscultent</strong></span> <span class='ocrx_word' id='word_1_302' title='bbox 1469 3942 2044 4027; x_wconf 58' lang='lat' dir='ltr'><strong>praedicationes„</strong></span> <span class='ocrx_word' id='word_1_303' title='bbox 2094 3950 2166 4007; x_wconf 89' lang='lat' dir='ltr'><strong>et</strong></span> <span class='ocrx_word' id='word_1_304' title='bbox 2214 3951 2457 4021; x_wconf 86' lang='lat' dir='ltr'><strong>orent;</strong></span> <span class='ocrx_word' id='word_1_305' title='bbox 2530 3960 2805 4024; x_wconf 84' lang='lat' dir='ltr'><strong>prorsus</strong></span> 
     </span>
     <span class='ocr_line' id='line_1_36' title="bbox 561 4034 2803 4119; baseline -0.001 -16"><span class='ocrx_word' id='word_1_306' title='bbox 561 4059 698 4103; x_wconf 89' lang='lat' dir='ltr'><strong>non</strong></span> <span class='ocrx_word' id='word_1_307' title='bbox 745 4038 1046 4101; x_wconf 83' lang='lat' dir='ltr'><strong>scientes</strong></span> <span class='ocrx_word' id='word_1_308' title='bbox 1106 4036 1288 4119; x_wconf 92' lang='lat' dir='ltr'><strong>quod</strong></span> <span class='ocrx_word' id='word_1_309' title='bbox 1351 4038 1624 4102; x_wconf 84' lang='lat' dir='ltr'><strong>externi</strong></span> <span class='ocrx_word' id='word_1_310' title='bbox 1670 4034 1863 4099; x_wconf 66' lang='lat' dir='ltr'><strong>actus</strong></span> <span class='ocrx_word' id='word_1_311' title='bbox 1908 4044 1978 4100; x_wconf 92' lang='lat' dir='ltr'><strong>et</strong></span> <span class='ocrx_word' id='word_1_312' title='bbox 2024 4044 2317 4100; x_wconf 83' lang='lat' dir='ltr'><strong>externa</strong></span> <span class='ocrx_word' id='word_1_313' title='bbox 2364 4034 2803 4101; x_wconf 67' lang='lat' dir='ltr'><strong>cultus‘nihil</strong></span> 
     </span>
     <span class='ocr_line' id='line_1_37' title="bbox 559 4130 2801 4217; baseline -0.001 -20"><span class='ocrx_word' id='word_1_314' title='bbox 559 4135 836 4209; x_wconf 84' lang='lat' dir='ltr'><strong>faciant,</strong></span> <span class='ocrx_word' id='word_1_315' title='bbox 899 4132 1020 4196; x_wconf 87' lang='lat' dir='ltr'><strong>sed</strong></span> <span class='ocrx_word' id='word_1_316' title='bbox 1079 4134 1351 4195; x_wconf 89' lang='lat' dir='ltr'><strong>interna</strong></span> <span class='ocrx_word' id='word_1_317' title='bbox 1405 4154 1495 4195; x_wconf 87' lang='lat' dir='ltr'><strong>ex</strong></span> <span class='ocrx_word' id='word_1_318' title='bbox 1550 4132 1794 4217; x_wconf 90' lang='lat' dir='ltr'><strong>quibus</strong></span> <span class='ocrx_word' id='word_1_319' title='bbox 1848 4139 2143 4195; x_wconf 87' lang='lat' dir='ltr'><strong>externa</strong></span> <span class='ocrx_word' id='word_1_320' title='bbox 2195 4132 2597 4215; x_wconf 88' lang='lat' dir='ltr'><strong>procedunt.</strong></span> <span class='ocrx_word' id='word_1_321' title='bbox 2688 4130 2801 4195; x_wconf 90' lang='lat' dir='ltr'><strong>Ex</strong></span> 
     </span>
     <span class='ocr_line' id='line_1_38' title="bbox 559 4226 2804 4311; baseline -0.001 -18"><span class='ocrx_word' id='word_1_322' title='bbox 559 4228 822 4311; x_wconf 87' lang='lat' dir='ltr'><strong>aliquot</strong></span> <span class='ocrx_word' id='word_1_323' title='bbox 860 4227 1047 4291; x_wconf 90' lang='lat' dir='ltr'><strong>mille</strong></span> <span class='ocrx_word' id='word_1_324' title='bbox 1083 4228 1202 4290; x_wconf 87' lang='lat' dir='ltr'><strong>vix</strong></span> <span class='ocrx_word' id='word_1_325' title='bbox 1241 4248 1412 4290; x_wconf 87' lang='lat' dir='ltr'><strong>unus</strong></span> <span class='ocrx_word' id='word_1_326' title='bbox 1450 4229 1580 4290; x_wconf 87' lang='lat' dir='ltr'><strong>scit</strong></span> <span class='ocrx_word' id='word_1_327' title='bbox 1620 4228 1777 4310; x_wconf 89' lang='lat' dir='ltr'><strong>quid</strong></span> <span class='ocrx_word' id='word_1_328' title='bbox 1812 4228 2105 4301; x_wconf 89' lang='lat' dir='ltr'><strong>interna,</strong></span> <span class='ocrx_word' id='word_1_329' title='bbox 2139 4237 2211 4289; x_wconf 93' lang='lat' dir='ltr'><strong>et</strong></span> <span class='ocrx_word' id='word_1_330' title='bbox 2250 4227 2431 4308; x_wconf 90' lang='lat' dir='ltr'><strong>quod</strong></span> <span class='ocrx_word' id='word_1_331' title='bbox 2469 4228 2537 4289; x_wconf 90' lang='lat' dir='ltr'><strong>in</strong></span> <span class='ocrx_word' id='word_1_332' title='bbox 2574 4226 2682 4290; x_wconf 88' lang='lat' dir='ltr'><strong>his</strong></span> <span class='ocrx_word' id='word_1_333' title='bbox 2715 4228 2804 4291; x_wconf 85' lang='lat' dir='ltr'><strong>sit</strong></span> 
     </span>
     <span class='ocr_line' id='line_1_39' title="bbox 560 4318 2803 4403; baseline -0.002 -15"><span class='ocrx_word' id='word_1_334' title='bbox 560 4323 826 4388; x_wconf 89' lang='lat' dir='ltr'><strong>caelum</strong></span> <span class='ocrx_word' id='word_1_335' title='bbox 873 4333 945 4388; x_wconf 89' lang='lat' dir='ltr'><strong>et</strong></span> <span class='ocrx_word' id='word_1_336' title='bbox 991 4322 1286 4387; x_wconf 89' lang='lat' dir='ltr'><strong>ecclesia</strong></span> <span class='ocrx_word' id='word_1_337' title='bbox 1321 4322 1628 4401; x_wconf 82' lang='lat' dir='ltr'><strong>homini3</strong></span> <span class='ocrx_word' id='word_1_338' title='bbox 1692 4332 1766 4385; x_wconf 88' lang='lat' dir='ltr'><strong>et</strong></span> <span class='ocrx_word' id='word_1_339' title='bbox 1804 4322 2025 4385; x_wconf 88' lang='lat' dir='ltr'><strong>minus</strong></span> <span class='ocrx_word' id='word_1_340' title='bbox 2071 4322 2253 4403; x_wconf 90' lang='lat' dir='ltr'><strong>quod</strong></span> <span class='ocrx_word' id='word_1_341' title='bbox 2300 4322 2575 4385; x_wconf 89' lang='lat' dir='ltr'><strong>externi</strong></span> <span class='ocrx_word' id='word_1_342' title='bbox 2612 4318 2803 4385; x_wconf 73' lang='lat' dir='ltr'><strong>ac&#39;tus</strong></span> 
     </span>
     <span class='ocr_line' id='line_1_40' title="bbox 559 4415 2802 4500; baseline -0.001 -18"><span class='ocrx_word' id='word_1_343' title='bbox 559 4418 738 4482; x_wconf 88' lang='lat' dir='ltr'><strong>tales</strong></span> <span class='ocrx_word' id='word_1_344' title='bbox 789 4419 953 4495; x_wconf 90' lang='lat' dir='ltr'><strong>sint,</strong></span> <span class='ocrx_word' id='word_1_345' title='bbox 999 4415 1238 4500; x_wconf 88' lang='lat' dir='ltr'><strong>quales</strong></span> <span class='ocrx_word' id='word_1_346' title='bbox 1283 4428 1444 4481; x_wconf 86' lang='lat' dir='ltr'><strong>sunt</strong></span> <span class='ocrx_word' id='word_1_347' title='bbox 1490 4418 1917 4481; x_wconf 89' lang='lat' dir='ltr'><strong>intentiones</strong></span> <span class='ocrx_word' id='word_1_348' title='bbox 1962 4426 2035 4479; x_wconf 90' lang='lat' dir='ltr'><strong>et</strong></span> <span class='ocrx_word' id='word_1_349' title='bbox 2082 4418 2567 4497; x_wconf 87' lang='lat' dir='ltr'><strong>cogitationes,</strong></span> <span class='ocrx_word' id='word_1_350' title='bbox 2616 4425 2691 4480; x_wconf 89' lang='lat' dir='ltr'><strong>et</strong></span> <span class='ocrx_word' id='word_1_351' title='bbox 2734 4418 2802 4480; x_wconf 91' lang='lat' dir='ltr'><strong>in</strong></span> 
     </span>
     <span class='ocr_line' id='line_1_41' title="bbox 559 4511 2799 4595; baseline -0.001 -18"><span class='ocrx_word' id='word_1_352' title='bbox 559 4513 664 4577; x_wconf 89' lang='lat' dir='ltr'><strong>his</strong></span> <span class='ocrx_word' id='word_1_353' title='bbox 709 4533 903 4577; x_wconf 88' lang='lat' dir='ltr'><strong>amor</strong></span> <span class='ocrx_word' id='word_1_354' title='bbox 948 4523 1022 4578; x_wconf 91' lang='lat' dir='ltr'><strong>et</strong></span> <span class='ocrx_word' id='word_1_355' title='bbox 1067 4511 1258 4588; x_wconf 79' lang='lat' dir='ltr'><strong>fides„</strong></span> <span class='ocrx_word' id='word_1_356' title='bbox 1300 4533 1390 4577; x_wconf 87' lang='lat' dir='ltr'><strong>ex</strong></span> <span class='ocrx_word' id='word_1_357' title='bbox 1445 4512 1689 4595; x_wconf 85' lang='lat' dir='ltr'><strong>quibus</strong></span> <span class='ocrx_word' id='word_1_358' title='bbox 1736 4522 1941 4590; x_wconf 88' lang='lat' dir='ltr'><strong>sunt;</strong></span> <span class='ocrx_word' id='word_1_359' title='bbox 2009 4521 2082 4576; x_wconf 91' lang='lat' dir='ltr'><strong>et</strong></span> <span class='ocrx_word' id='word_1_360' title='bbox 2140 4530 2293 4575; x_wconf 89' lang='lat' dir='ltr'><strong>cum</strong></span> <span class='ocrx_word' id='word_1_361' title='bbox 2353 4513 2799 4582; x_wconf 87' lang='lat' dir='ltr'><strong>instruuntur.</strong></span> 
     </span>
     <span class='ocr_line' id='line_1_42' title="bbox 560 4606 2802 4691; baseline -0.001 -18"><span class='ocrx_word' id='word_1_362' title='bbox 560 4628 700 4673; x_wconf 87' lang='lat' dir='ltr'><strong>non</strong></span> <span class='ocrx_word' id='word_1_363' title='bbox 757 4609 1036 4690; x_wconf 89' lang='lat' dir='ltr'><strong>capiunt</strong></span> <span class='ocrx_word' id='word_1_364' title='bbox 1085 4607 1265 4691; x_wconf 90' lang='lat' dir='ltr'><strong>quod</strong></span> <span class='ocrx_word' id='word_1_365' title='bbox 1321 4608 1634 4690; x_wconf 85' lang='lat' dir='ltr'><strong>cogitare</strong></span> <span class='ocrx_word' id='word_1_366' title='bbox 1689 4616 1761 4673; x_wconf 88' lang='lat' dir='ltr'><strong>et</strong></span> <span class='ocrx_word' id='word_1_367' title='bbox 1815 4607 1994 4672; x_wconf 86' lang='lat' dir='ltr'><strong>velle</strong></span> <span class='ocrx_word' id='word_1_368' title='bbox 2050 4606 2307 4689; x_wconf 88' lang='lat' dir='ltr'><strong>aliquid</strong></span> <span class='ocrx_word' id='word_1_369' title='bbox 2356 4606 2633 4681; x_wconf 86' lang='lat' dir='ltr'><strong>saciant,</strong></span> <span class='ocrx_word' id='word_1_370' title='bbox 2681 4608 2802 4671; x_wconf 87' lang='lat' dir='ltr'><strong>sed</strong></span> 
     </span>
    </p>
   </div>
  </div>
 </body>
</html>
