3371 5304
570 580 695 661 258
1218 594 1317 643 DE
1362 592 1613 646 CAELO
1660 594 1758 643 ET
1805 592 2171 644 1NFERN0.

560 764 886 845 partibuS,
927 766 1323 846 regionibus
1367 775 1440 829 et
1487 766 1719 847 regnis
1754 764 1954 846 hujus
1990 765 2256 829 telluris
2292 764 2548 847 aliquid
2583 768 2804 841 novit,

556 862 967 926 concludere
1004 872 1259 945 potest.
1350 861 1483 944 Qui
1522 862 1864 926 calculum
1901 864 2051 937 init,
2091 862 2584 943 deprehendet,
2621 865 2806 947 quod

560 959 717 1023 inde
774 960 861 1023 ad
916 960 1109 1042 plura
1168 959 1382 1023 millia
1438 959 1792 1023 hominum
1852 959 2162 1043 quolibet
2222 961 2331 1023 die
2386 961 2668 1039 obeant,
2705 962 2808 1025 ita

560 1058 739 1121 intra
774 1076 1029 1120 annum
1066 1056 1155 1120 ad
1193 1058 1461 1139 aliquot
1498 1057 1848 1138 myriades
1879 1078 1999 1121 seu
2037 1058 2428 1136 milliones;
2477 1067 2550 1121 et
2586 1057 2720 1122 hoc
2767 1079 2808 1122 a

560 1154 788 1236 primis
834 1154 1281 1237 temporibuS,
1328 1174 1369 1217 a
1414 1154 1656 1237 quibus
1703 1156 2243 1219 intercesserunt
2289 1154 2556 1237 aliquot
2593 1155 2806 1219 millia

561 1270 936 1330 annorum3
1002 1252 1115 1335 qui
1162 1270 1403 1315 omnes
1449 1261 1609 1333 post
1656 1251 1925 1316 obitum
1985 1252 2054 1317 in
2112 1252 2406 1315 alterum
2453 1253 2802 1327 mundum,

560 1349 670 1432 qui
689 1358 978 1413 vocatur
1002 1349 1293 1411 mundus
1319 1349 1712 1430 spiritualis,
1739 1359 2100 1424 venerunt,
2127 1360 2198 1414 et
2217 1349 2473 1432 jugiter
2497 1352 2802 1413 veniunt.

560 1444 751 1527 Quot
795 1456 1027 1510 autem
1074 1466 1167 1509 ex
1211 1446 1348 1509 illis
1393 1446 1624 1527 angeli
1670 1446 1845 1510 caeli
1889 1444 2049 1510 sacti
2096 1458 2257 1512 sunt
2303 1457 2376 1511 et
2424 1447 2618 1523 fiunt,
2667 1466 2803 1511 non

560 1544 691 1608 dici
728 1553 1006 1625 potest;
1056 1544 1185 1608 hoc
1227 1544 1390 1607 mihi
1426 1541 1683 1608 dictum
1721 1554 1854 1619 est,
1892 1545 2080 1627 quod
2124 1546 2426 1627 antiquis
2465 1547 2796 1627 tempori-

562 1642 683 1704 bus
723 1640 1065 1724 permulti,
1099 1642 1255 1723 quia
1293 1650 1457 1705 tunc
1495 1640 1814 1705 homines
1851 1642 2136 1705 interius
2173 1652 2247 1706 et
2296 1642 2448 1723 plus
2485 1644 2802 1725 spiritua-

562 1738 717 1801 liter
760 1738 1269 1819 cogitaverunt,
1317 1755 1397 1799 ac
1445 1736 1605 1800 inde
1651 1738 1720 1800 in
1767 1738 2056 1802 caelesti
2093 1736 2454 1802 affectione
2491 1740 2802 1817 fuerunt;

560 1844 633 1899 at
669 1834 855 1917 quod
885 1834 1333 1917 sequentibus
1372 1835 1559 1897 aevis
1600 1854 1738 1897 non
1775 1842 1918 1898 tam
1957 1835 2178 1911 multi,
2213 1838 2371 1919 quia
2405 1836 2616 1900 homo
2651 1855 2804 1900 suc-

560 1950 755 1995 cessu
785 1932 1119 2014 temporis
1152 1931 1461 1995 exterior
1490 1928 1708 1995 factus
1741 1943 1875 2008 est,
1909 1941 1982 1996 et
2021 1932 2174 2015 plus
2206 1933 2614 1998 naturaliter
2643 1952 2804 1998 coe—

561 2030 660 2111 pit
709 2030 1041 2111 cogitare,
1082 2038 1153 2093 et
1199 2029 1359 2092 inde
1406 2030 1475 2092 in
1520 2030 1834 2094 terrestri
1869 2028 2230 2094 affectione
2275 2050 2448 2095 esse.
2537 2030 2653 2094 Ex
2698 2031 2806 2094 his

560 2127 849 2209 primum
910 2136 1233 2190 constare
1292 2135 1554 2207 potest,
1615 2126 1802 2209 quod
1861 2127 2128 2191 caelum
2189 2148 2280 2192 ex
2341 2128 2508 2192 solis
2561 2129 2806 2193 incolis

562 2223 753 2306 hujus
792 2223 1057 2287 telluris
1095 2242 1423 2305 magnum
1460 2223 1573 2287 sit.

681 2322 886 2406 416.
946 2320 1149 2401 Quod
1196 2320 1465 2385 caelum
1512 2320 1793 2385 Domini
1853 2322 2262 2387 immensum
2322 2322 2436 2398 sit,
2483 2333 2805 2387 constare

560 2409 796 2501 potest
850 2440 941 2481 ex
1001 2439 1085 2482 eo
1130 2418 1305 2493 solo,
1354 2418 1537 2501 quod
1583 2438 1828 2483 omnes
1873 2419 2194 2495 infantes„
2243 2420 2388 2484 sive
2433 2421 2616 2485 intra
2659 2422 2804 2484 sive

559 2526 765 2581 extra
801 2516 1167 2580 ecclesiam
1208 2518 1353 2580 nati
1399 2516 1557 2590 sint,
1596 2516 2024 2597 adoptentur
2066 2538 2108 2580 a
2153 2516 2478 2593 Domin0,
2515 2526 2592 2581 et
2635 2515 2806 2582 fiant

559 2613 812 2696 angeli,
850 2632 1137 2697 quorum
1174 2632 1495 2678 numerus
1530 2613 1620 2678 ad
1667 2624 1984 2697 quartam
2023 2634 2145 2678 seu
2182 2616 2493 2698 quintam
2533 2626 2803 2698 partem

560 2713 775 2777 totius
800 2713 1072 2794 generis
1097 2712 1375 2775 humani
1406 2713 1475 2774 in
1508 2711 1756 2776 tellure
1787 2713 2124 2794 exsurgit.
2215 2711 2422 2794 Quod
2445 2714 2803 2797 unusquis·

560 2830 691 2893 que
727 2809 971 2884 infanS,
1012 2810 1396 2891 ubicunque
1433 2818 1641 2872 natus
1684 2818 1816 2884 est,
1857 2811 2000 2873 sive
2038 2811 2220 2873 intra
2255 2809 2623 2874 ecclesiam
2659 2813 2804 2875 sive

560 2916 765 2971 extra
819 2906 1029 2982 illam,
1070 2907 1213 2970 sive
1274 2925 1315 2970 a
1368 2906 1768 2988 parentibus
1823 2907 1950 2988 piis
2007 2909 2154 2971 sive
2211 2909 2301 2970 ab
2359 2908 2609 2989 impiis,
2649 2928 2806 2971 cum

562 3005 863 3079 moritur,
902 3004 1265 3086 recipiatur
1294 3023 1335 3066 a
1375 3003 1696 3078 Domino,
1735 3012 1808 3068 et
1855 3005 1923 3068 in
1963 3003 2159 3068 caelo
2195 3005 2549 3080 educetur,
2577 3014 2651 3070 et
2695 3025 2804 3068 se-

561 3102 857 3165 cundum
896 3100 1217 3165 Divinum
1264 3101 1576 3164 ordinem
1621 3101 1956 3166 doceatur
2001 3111 2072 3164 et
2117 3102 2465 3167 imbuatur
2499 3099 2803 3167 affectio-

563 3199 759 3262 nibus
804 3199 990 3274 boni,
1036 3207 1109 3262 et
1168 3218 1289 3280 per
1331 3198 1487 3262 illas
1534 3198 2048 3280 cognitionibus
2092 3199 2256 3273 veri,
2304 3208 2378 3263 et
2422 3199 2583 3263 dein
2629 3201 2806 3264 sicut

563 3295 904 3380 perficitur
928 3295 1393 3377 intelligentia
1416 3304 1488 3359 et
1520 3297 1880 3378 sapientia,
1908 3297 2388 3361 introducatur
2416 3297 2484 3360 in
2511 3295 2801 3372 caelum,

562 3404 636 3458 et
680 3393 801 3457 fiat
847 3392 1157 3474 angelus,
1197 3393 1513 3456 videatur
1542 3412 1750 3475 supra
1799 3391 1894 3475 (n.
1937 3392 2304 3477 329—345);
2366 3403 2626 3476 quanta
2671 3397 2804 3459 ita-

562 3511 692 3575 que
726 3490 1098 3555 multitudo
1128 3489 1531 3572 angelorum
1563 3490 1738 3554 caeli
1774 3511 1816 3553 a
1850 3491 2068 3573 prima
2101 3492 2450 3555 creatione
2480 3492 2568 3555 ad
2605 3491 2804 3556 hodi-

564 3607 800 3654 ernum
838 3599 1112 3668 tempus
1150 3609 1242 3652 ex
1280 3587 1415 3651 illis
1453 3587 1620 3651 solis
1659 3588 2040 3664 exstiterit,
2080 3588 2401 3651 concludi
2433 3599 2686 3672 potest.

687 3695 876 3767 417.
938 3683 1165 3766 Quam
1210 3686 1621 3749 immensum
1681 3686 1773 3749 sit
1828 3685 2094 3748 caelum
2144 3684 2443 3760 Domini,
2483 3694 2804 3750 constare

563 3784 771 3847 etiam
810 3791 1048 3866 potest
1086 3803 1177 3846 ex
1215 3803 1321 3858 e0,
1354 3783 1537 3866 quod
1575 3802 1818 3864 omnes
1851 3781 2172 3864 planetae
2211 3801 2442 3846 coram
2474 3782 2690 3847 oculis
2737 3785 2804 3846 in

566 3891 803 3945 nostro
836 3881 1092 3944 mundo
1130 3879 1337 3944 solari
1367 3880 1740 3962 conspicui,
1775 3881 1914 3942 sint
1947 3879 2232 3943 tellures
2263 3901 2278 3958 ;
2339 3889 2410 3943 et
2444 3889 2806 3962 praeterea

564 3978 746 4062 quod
783 3977 1314 4042 innumerabiles
1352 3979 1491 4041 sint
1538 3979 1605 4040 in
1645 3978 1984 4052 universo,
2026 3985 2097 4040 et
2144 3997 2384 4041 omnes
2418 3977 2666 4058 plenae
2701 3979 2803 4040 in-

564 4075 777 4152 colis;
841 4075 925 4138 de
971 4075 1213 4159 quibus
1255 4075 1324 4138 in
1372 4073 1697 4157 peculiari
1735 4074 2066 4155 opusculo
2112 4075 2199 4138 de
2245 4073 2636 4141 Telluribus
2672 4074 2806 4139 illis

563 4169 790 4238 aetum
830 4181 961 4248 est,
1000 4193 1093 4236 ex
1129 4193 1265 4256 quo
1301 4172 1471 4236 haec
1510 4172 1873 4254 sequentia
1909 4171 2116 4234 velim
2155 4170 2392 4235 afferre
2416 4191 2524 4233 :—

672 4324 899 4399 “Quod
932 4325 1133 4397 plures
1162 4324 1409 4382 tellures
1432 4324 1571 4387 sint,
1596 4334 1662 4379 et
1691 4339 1873 4394 super
1902 4323 2018 4380 illis
2045 4323 2338 4386 homines,
2361 4335 2427 4379 et
2463 4324 2604 4379 inde
2633 4325 2808 4395 spiri-

564 4409 665 4454 tus
692 4411 757 4454 et
792 4398 1007 4469 angeli,
1034 4397 1415 4452 notissimum
1446 4406 1542 4451 est
1580 4396 1639 4450 in
1678 4397 1866 4451 altera
1888 4395 2046 4458 vitaz
2085 4411 2223 4450 nam
2249 4395 2443 4452 cuivis
2475 4397 2575 4458 ibi,
2641 4397 2703 4450 ui
2733 4413 2809 4452 ex

564 4485 765 4526 amore
791 4469 917 4523 veri
947 4479 1011 4523 et
1044 4469 1185 4523 inde
1216 4483 1358 4522 usus
1389 4467 1710 4530 desiderat,
1735 4483 1872 4522 cum
1905 4466 2215 4536 spiritibus
2243 4466 2491 4522 aliarum
2523 4468 2606 4522 tel
2636 4483 2806 4522 urum

565 4543 581 4593 l
668 4539 726 4594 ui
766 4540 1135 4602 conceditur,
1168 4547 1231 4593 et
1267 4538 1407 4592 inde
1446 4535 1789 4592 confirmari
1827 4537 1905 4592 de
1945 4536 2286 4606 pluralitate
2327 4538 2706 4598 mundorum.
2737 4554 2808 4593 ac

569 4613 625 4663 in
655 4611 873 4666 ormari
894 4611 1055 4680 quod
1080 4625 1271 4681 genus
1290 4609 1618 4665 humanum
1644 4621 1768 4663 non
1793 4608 1992 4663 solum
2011 4624 2085 4664 ex
2105 4623 2226 4664 una
2249 4609 2464 4664 tellure
2487 4609 2582 4672 sit,
2603 4610 2708 4663 sed
2735 4625 2806 4663 ex
