3371 5304
516 644 644 708 216
1154 656 1259 709 DE
1300 655 1557 709 CAELO
1602 657 1701 709 ET
1747 656 2112 711 INFERNO.

515 826 836 893 leaestualia
870 846 1044 911 quae
1080 828 1290 895 homo
1324 828 1453 893 sibi
1486 828 1848 913 acquisivit
1883 848 1978 895 ex
2013 830 2343 909 scientiis,
2383 850 2540 899 cum
2573 834 2751 899 vixit

514 924 584 985 in
616 942 924 1005 corpore,
952 923 1290 1005 quadrant
1322 942 1477 987 cum
1508 922 1659 987 luce
1691 924 1928 989 mundi
1959 924 2366 1007 spiritualis3
2411 946 2751 1011 quaprop-

514 1026 617 1083 ter
680 1028 1015 1101 quantum
1072 1018 1429 1082 rationalis
1481 1016 1702 1083 faetus
1761 1028 1871 1083 est
1934 1019 2232 1085 hominis
2289 1022 2570 1104 spiritus
2635 1043 2750 1105 per

512 1114 947 1196 cognitiones
990 1122 1065 1177 et
1109 1114 1437 1178 scientias
1478 1114 1549 1177 in
1596 1114 1876 1189 mundo,
1927 1124 2200 1179 tantum
2245 1117 2602 1181 rationalis
2645 1130 2750 1182 est

511 1218 673 1289 post
710 1208 1127 1273 solutionem
1164 1227 1207 1272 a
1251 1227 1579 1294 corpore;
1632 1228 1794 1273 nam
1838 1219 2004 1273 tunc
2049 1209 2261 1275 homo
2299 1213 2576 1294 spiritus
2619 1224 2750 1287 est,

510 1313 583 1369 et
618 1304 897 1386 spiritus
934 1315 1041 1368 est
1080 1304 1193 1387 qui
1229 1304 1501 1386 cogitat
1534 1304 1605 1369 in
1644 1301 2021 1387 corpore.(⁰)

633 1398 839 1481 356.
898 1396 1035 1480 Qui
1066 1408 1295 1463 autem
1330 1418 1451 1481 per
1474 1400 1918 1482 cognitiones
1947 1409 2021 1465 et
2049 1400 2374 1465 scientias
2403 1401 2532 1466 sibi
2563 1419 2750 1465 com-

509 1503 923 1575 paraverunt
948 1493 1480 1577 intelligentiam
1504 1504 1577 1559 et
1600 1494 2033 1578 sapientiam,
2056 1496 2167 1580 qui
2193 1506 2353 1560 sunt
2378 1496 2492 1579 qui
2523 1496 2750 1561 omnia

508 1588 983 1670 applicuerunt
1048 1590 1193 1651 usui
1253 1590 1459 1665 vitae,
1512 1598 1586 1654 et
1644 1588 1848 1655 simul
1906 1600 2340 1671 agnoverunt
2401 1590 2750 1667 Divinum,

507 1694 911 1748 amaverunt
945 1684 1275 1760 Verbum,
1310 1693 1383 1748 et
1416 1683 1840 1766 spiritualem
1865 1685 2196 1749 moralem
2219 1686 2440 1751 vitam
2468 1683 2587 1768 (de
2617 1706 2752 1769 qua

508 1798 731 1862 supra,
778 1800 843 1843 n.
896 1778 1075 1862 319,)
1114 1780 1463 1855 vixerunt,
1509 1779 1643 1842 illis
1695 1780 2026 1844 scientiae
2071 1781 2574 1845 inserviverunt
2603 1801 2749 1869 ‚pro

508 1874 749 1936 mediis
795 1873 1126 1955 sapiendi,
1177 1882 1250 1937 et
1308 1892 1579 1956 quoque
1638 1873 2128 1937 corroborandi
2187 1873 2309 1938 illa
2361 1894 2537 1957 quae
2593 1872 2750 1939 fidei

506 1980 707 2047 sunt3
753 1968 1079 2033 interiora
1114 1987 1349 2032 eorum
1388 1986 1561 2050 quae
1600 1970 1876 2043 mentis,
1911 1976 2236 2053 percepta
2271 1977 2432 2033 sunt
2469 1977 2544 2032 et
2579 1987 2749 2052 quo·-

505 2084 636 2149 que
681 2066 829 2127 visa
871 2064 1049 2128 sicut
1095 2063 1608 2144 transparentia
1652 2082 1744 2126 ex
1809 2062 1983 2139 luce,
2021 2064 2094 2127 in
2145 2064 2380 2129 colore
2425 2065 2748 2140 candido,

503 2160 823 2224 flammeo
879 2157 992 2223 vel
1038 2157 1378 2234 caeruleo,
1437 2158 1505 2221 in
1564 2156 1752 2239 quali
1809 2165 1972 2222 sunt
2023 2158 2456 2237 adamantes,
2503 2159 2746 2236 rubini,

506 2254 829 2337 sapphiri,
871 2254 985 2337 qui
1039 2252 1381 2335 pellucidi,
1429 2262 1503 2316 et
1560 2251 1696 2317 hoc
1757 2254 2134 2317 secundum
2189 2253 2750 2320 confirmationes

505 2370 629 2435 pro
666 2350 917 2414 Divino
961 2358 1034 2414 et
1083 2368 1204 2431 pro
1240 2348 1419 2411 veris
1458 2348 1724 2412 Divinis
1761 2368 1854 2413 ex
1891 2348 2222 2413 scientiis.
2311 2348 2500 2414 Vera
2535 2350 2744 2415 intel·

506 2446 794 2528 ligentia
846 2453 919 2508 et
978 2443 1317 2527 sapientia
1369 2443 1531 2507 talis
1576 2452 1892 2526 apparet,
1939 2462 2092 2507 cum
2145 2444 2410 2509 sistitur
2452 2444 2749 2509 videnda

506 2540 571 2604 in
611 2539 866 2605 mundo
904 2537 1279 2621 spirituali;
1326 2537 1395 2601 id
1434 2537 1647 2603 trahit
1683 2557 1727 2601 a
1772 2537 1922 2602 luce
1959 2537 2153 2613 caeli,
2193 2556 2368 2621 quae
2404 2548 2512 2603 est
2556 2538 2746 2603 Divi-

506 2655 667 2700 num
690 2633 951 2700 Verum
985 2633 1363 2717 procedens
1394 2654 1435 2698 a
1468 2632 1790 2710 Domino,
1818 2651 1908 2697 ex
1940 2654 2075 2718 quo
2099 2634 2322 2698 omnis
2345 2633 2746 2718 intelligen-

507 2733 602 2798 tia
638 2742 712 2797 et
756 2732 1092 2814 sapientia
1132 2727 1475 2812 (videatur
1504 2749 1728 2812 supra,
1767 2747 1833 2792 n.
1887 2727 2230 2812 126-133).
2319 2727 2532 2793 Plana
2565 2729 2748 2794 illius

508 2829 695 2904 lucis,
732 2828 801 2890 in
839 2825 1082 2910 quibus
1116 2823 1625 2906 variegationes
1662 2823 1838 2888 sicut
1876 2822 2184 2888 colorum
2215 2823 2552 2899 existunt,
2585 2833 2748 2890 sunt

507 2923 829 2988 interiora
866 2921 1157 2998 mentis;
1212 2928 1285 2983 et
1330 2917 1892 2984 confirmationes
1930 2918 2299 2982 veritatum
2345 2919 2745 2984 Divinarum

506 3037 624 3100 per
668 3016 835 3080 talia
872 3033 1047 3099 quae
1101 3015 1171 3077 in
1217 3023 1466 3079 natura
1501 3022 1683 3090 sunt,
1724 3013 1825 3077 ita
1867 3032 2042 3096 quae
2101 3012 2170 3077 in
2215 3009 2540 3090 scientiis,
2587 3033 2746 3097 pro·

504 3113 763 3175 ducunt
798 3109 1307 3191 variegationes
1342 3106 1498 3172 illas
1520 3105 1601 3172 κί’)
1661 3127 1858 3172 mens
1903 3109 2086 3172 enim
2131 3108 2414 3174 interior
2448 3109 2747 3174 hominis

506 3209 805 3271 intuetur
841 3205 911 3268 in
954 3224 1065 3268 res
1101 3203 1470 3268 memoriae
1508 3201 1886 3282 naturalis3
1939 3211 2014 3267 et
2058 3202 2177 3266 illa
2220 3222 2394 3287 quae
2439 3205 2532 3268 ibi
2575 3224 2746 3269 con·

506 3299 797 3376 firmant,
856 3319 980 3382 per
1042 3298 1273 3379 ignem
1331 3299 1583 3361 amoris
1642 3297 1964 3361 caelestis
2021 3299 2215 3380 quasi
2270 3297 2618 3376 sublimat,
2674 3310 2747 3364 et

505 3394 843 3472 subducit,
882 3413 963 3458 ac
1002 3391 1314 3476 purificat
1352 3411 1563 3474 usque
1609 3392 1675 3455 in
1714 3392 1905 3457 ideas
1941 3393 2332 3473 spirituales
2354 3415 2372 3474 ;
2425 3395 2612 3477 quod
2647 3395 2748 3459 ita

504 3487 643 3569 fiat,
681 3490 895 3555 homo
939 3488 1161 3552 nescit
1209 3487 1531 3571 quamdiu
1587 3487 1657 3550 in
1721 3505 2010 3571 corpore
2057 3489 2248 3564 vivit,
2289 3491 2610 3572 quoniam
2654 3490 2746 3554 ibi

1274 3693 1373 3749 [(ικ
1397 3703 1597 3737 amm
1614 3693 1960 3748 caman-n

612 3803 699 3872 (a)
752 3799 931 3873 Quod
952 3795 1281 3854 scientifica
1304 3797 1427 3852 sint
1453 3795 1778 3851 memoriae
1798 3795 2104 3860 naturalis,
2129 3811 2284 3868 quae
2307 3807 2404 3852 est
2429 3792 2658 3853 bomini
2685 3798 2748 3852 in

502 3889 608 3930 cor
692 3887 756 3926 re
786 3872 865 3941 (n.
897 3882 1049 3940 5212„
1076 3873 1261 3937 9922).
2027 3883 2030 3888 ·
2293 3887 2303 3896 ·

610 3888 793 4016 &iod
821 3941 1008 3996 homo
1032 3955 1235 3996 secum
1272 3936 1427 3993 ferat
1464 3948 1605 4008 post
1640 3948 1900 3994 mortem
1927 3953 2170 3994 omnem
2197 3937 2545 3993 memoriam
2571 3948 2747 3993 natu-

503 4015 687 4072 ralem
718 4016 799 4082 (n.
822 4024 923 4078 247
932 4012 1017 4094 5);
1052 4011 1123 4066 ab
1150 4011 1513 4080 experientia
1542 4012 1623 4078 (n.
1652 4007 2032 4078 2481-2486):
2067 4008 2173 4064 sed
2199 4009 2366 4079 quod
2393 4023 2466 4062 ex
2499 4007 2600 4064 illa
2625 4025 2747 4064 me-

506 4085 697 4141 moria
721 4101 843 4139 non
869 4079 1097 4153 aliquid
1124 4081 1479 4151 depromere
1508 4078 1700 4151 possit
1726 4080 1884 4134 sicut
1909 4079 1972 4134 in
1997 4080 2242 4143 mundo,
2267 4079 2350 4134 ob
2385 4079 2587 4151 plures
2609 4095 2748 4134 cau-

502 4173 599 4213 sas
626 4161 708 4226 (n.
736 4153 892 4221 2476.
918 4165 1075 4220 2477.
1104 4151 1284 4221 2479)-

637 4277 691 4346 b)
744 4273 923 4400 guod
951 4273 1181 4357 colores
1206 4269 1589 4356 pulcherrimi
1616 4280 1946 4355 appareant
1972 4269 2030 4323 in
2058 4270 2225 4356 eaelo
2255 4271 2340 4354 (η.
2366 4281 2519 4340 1053,
2545 4269 2724 4355 rou).

612 4279 753 4420 δυο
815 4346 1045 4401 calores
1074 4359 1132 4398 m
1154 4343 1325 4398 caelo
1342 4352 1466 4398 sint
1489 4358 1563 4398 ex
1589 4342 1722 4397 luce
1749 4342 1846 4404 ibi,
1861 4353 1926 4396 et
1948 4341 2112 4412 quod
2137 4352 2260 4396 sint
2282 4355 2418 4412 ejus
2440 4341 2748 4397 modifica—

504 4419 705 4474 tiones
740 4433 847 4474 eeu
878 4414 1319 4486 variegationes
1358 4414 1440 4482 (n.
1476 4427 1629 4480 ιαμ,
1660 4427 1814 4481 1043,
1845 4425 1998 4482 1053,
2029 4413 2179 4478 1624.
2213 4427 2372 4484 3993,
2399 4423 2560 4482 4530,
2588 4427 2748 4482 49²²·

502 4489 712 4614 474}ss
735 4556 899 4629 quod
924 4555 1047 4612 sint
1070 4553 1459 4626 apparentiae
1481 4553 1609 4609 veri
1640 4569 1716 4609 ex
1745 4552 1924 4618 bono,
1951 4567 2022 4608 ac
2051 4551 2394 4624 significent
2423 4553 2568 4608 talia
2597 4569 2750 4624 quae

506 4639 648 4688 sunt
675 4627 1105 4700 intelligentiae
1129 4638 1193 4682 et
1218 4625 1548 4697 sapientiae
1576 4627 1658 4694 (n.
1682 4637 1843 4694 4530,
1869 4624 2028 4691 4677,
2051 4639 2210 4695 4922,
2237 4625 2422 4696 9466).
