3371 5304
740 593 1263 658 UNUSQUISQUE
1297 592 1647 647 ANGELUS
1681 591 1815 644 Es'r
1855 592 1937 642 IN
1972 589 2239 642 FORMA
2274 591 2630 643 HUMANA.
2720 592 2801 660 45

561 767 708 832 lum
758 787 851 832 ex
908 774 1270 831 crescente
1319 761 1763 828 multitudine
1812 757 2179 846 perficitur,
2228 771 2425 846 patet
2472 772 2807 846 quantum

561 861 888 926 falluntur
930 859 1030 924 illi
1075 860 1187 943 qui
1235 860 1525 926 credunt
1571 857 1754 941 quod
1802 855 2071 922 caelum
2118 857 2477 922 claudatur
2522 878 2615 921 ex
2660 857 2805 941 ple-

563 957 914 1033 nitudine;
963 974 1116 1018 cum
1149 964 1386 1020 tamen
1417 955 1839 1019 contrarium
1870 961 2001 1028 est,
2037 953 2219 1036 quod
2254 973 2585 1036 nusquam
2619 953 2808 1018 clau·

563 1053 786 1127 datur,
833 1060 906 1114 et
966 1050 1149 1133 quod
1196 1048 1556 1132 plenitudo
1603 1047 1819 1130 major
1863 1058 1936 1113 et
1982 1047 2197 1128 major
2240 1045 2549 1130 perficiat
2596 1048 2805 1112 illud:

561 1155 982 1230 quapropter
1012 1145 1243 1228 angeli
1276 1144 1446 1208 nihil
1479 1145 1711 1227 potius
1735 1144 2156 1219 desiderant,
2183 1162 2388 1226 quam
2421 1153 2498 1208 ut
2530 1143 2617 1207 ad
2651 1144 2807 1208 illos

565 1245 725 1307 novi
764 1242 1078 1323 hospites
1117 1239 1351 1322 angeli
1389 1241 1694 1304 veniant.

687 1351 817 1420 72.
878 1334 1084 1418 Quod
1132 1335 1552 1418 unaquaevis
1597 1332 1901 1398 societas
1959 1333 2051 1398 sit
2107 1334 2177 1397 in
2236 1333 2465 1416 effigie
2512 1333 2807 1398 hominis

560 1452 714 1496 cum
753 1431 954 1494 simul
995 1438 1311 1503 utunum
1351 1438 1661 1513 apparet,
1704 1439 1813 1492 est
1853 1430 2010 1512 quia
2047 1438 2274 1493 totum
2311 1429 2579 1492 caelum
2618 1429 2807 1493 illam

561 1525 856 1610 effigiem
887 1526 1120 1602 habet,
1151 1535 1226 1590 ut
1259 1527 1326 1589 in
1361 1525 1825 1608 praecedente
1856 1523 2147 1588 articulo
2180 1533 2540 1588 ostensum
2571 1526 2803 1588 videa-

559 1632 671 1685 tur
699 1644 714 1698 ;
762 1633 834 1685 et
865 1623 933 1684 in
965 1619 1462 1705 perfefitissima
1486 1619 1724 1694 forma,
1753 1619 1973 1701 qualis
2004 1629 2114 1682 est
2148 1619 2364 1682 forma
2395 1620 2591 1693 caeli,
2620 1620 2803 1682 simi·

558 1716 784 1782 litudo
829 1725 937 1780 est
983 1717 1278 1799 partium
1319 1733 1472 1778 cum
1521 1724 1699 1789 tote,
1747 1724 1819 1778 et
1868 1715 2205 1778 minorum
2253 1733 2406 1777 cum
2456 1714 2803 1790 maximo;

561 1813 824 1876 minora
859 1821 932 1876 et
971 1821 1204 1894 partes
1238 1809 1409 1874 caeli
1441 1819 1602 1873 sunt
1635 1811 2014 1873 societates
2050 1829 2142 1872 ex
2180 1809 2423 1891 quibus
2458 1809 2801 1884 consistit,

559 1928 731 1990 quae
763 1907 946 1990 quod
979 1907 1188 1971 etiam
1223 1907 1360 1969 sint
1395 1905 1567 1969 caeli
1599 1905 1667 1968 in
1702 1905 1965 1969 minore
1989 1905 2227 1979 forma,
2254 1905 2573 1968 videatur
2602 1923 2807 1986 supra

565 2001 660 2085 (n.
699 2001 956 2085 51-58).
1049 1999 1254 2083 Quod
1288 2010 1619 2084 perpetua
1651 1999 1815 2064 talis
1847 1999 2224 2063 similitudo
2254 2001 2371 2076 sit,
2406 2009 2514 2063 est
2547 2000 2706 2081 quia
2735 2001 2803 2062 in

560 2097 770 2161 caelis
795 2097 1098 2161 omnium
1125 2096 1308 2160 bona
1340 2115 1430 2160 ex
1466 2117 1602 2160 uno
1626 2115 1861 2160 amore
1886 2105 2067 2170 sunt,
2096 2097 2195 2159 ita
2226 2116 2317 2158 ex
2350 2115 2484 2158 una
2515 2095 2803 2176 origine.

560 2191 760 2256 Unus
781 2210 974 2255 amor
1003 2211 1094 2256 ex
1132 2211 1268 2274 quo
1299 2192 1493 2272 origo
1519 2191 1823 2254 omnium
1856 2190 2195 2254 bonorum
2227 2191 2340 2264 ibi,
2369 2199 2477 2254 est
2510 2208 2703 2253 amor
2734 2190 2803 2252 in

559 2286 932 2350 Dominum
977 2305 1018 2350 a
1072 2284 1394 2349 Domino.
1495 2285 1667 2349 Inde
1714 2295 1848 2360 est,
1894 2286 2079 2368 quod
2128 2294 2355 2349 totum
2402 2284 2667 2349 caelum
2714 2285 2803 2349 sit

559 2381 934 2445 similitudo
966 2381 1186 2463 Ipsius
1218 2383 1285 2444 in
1319 2381 1684 2455 communi,
1715 2381 2131 2463 unaquaevis
2155 2381 2455 2444 societas
2487 2381 2555 2443 in
2582 2380 2805 2443 minus

558 2477 925 2550 communi,
948 2485 1020 2540 et
1041 2476 1500 2558 unusquisque
1525 2475 1815 2556 angelus
1840 2476 1907 2538 in
1946 2475 2355 2558 particulari.
2418 2473 2805 2540 Videantur

560 2572 767 2636 etiam
805 2591 981 2655 quae
1017 2591 1221 2655 supra
1259 2567 1357 2656 (n.
1402 2569 1510 2654 58)
1553 2569 1640 2633 de
1679 2570 1809 2634 hac
1848 2591 1923 2634 re
1959 2567 2145 2634 dista
2182 2581 2365 2635 sunt.

1607 3082 1763 3170 [X]

561 3268 787 3352 Quon
832 3283 1023 3335 mon
1067 3283 1597 3349 uuusomsoun
1643 3271 2017 3337 ANoEms
2062 3284 2182 3336 srr
2248 3286 2335 3338 m
2403 3284 2802 3337 PERFECTA

1321 3366 1606 3431 FoRMA
1655 3366 2027 3433 HUMANA.

682 3553 819 3622 73.
880 3540 960 3604 In
1027 3540 1202 3605 binis
1257 3541 1835 3624 praecedentibus
1882 3542 2193 3606 articulis
2248 3552 2608 3607 ostensum
2667 3552 2797 3619 est,

557 3636 738 3717 quod
776 3636 1044 3700 caelum
1079 3635 1148 3699 in
1185 3646 1344 3701 toto
1380 3636 1756 3719 complexu
1788 3636 2035 3702 reserat
2073 3656 2281 3701 unum
2320 3638 2693 3714 hominem,
2729 3646 2802 3702 et

556 3732 737 3813 quod
775 3731 1090 3795 similiter
1121 3733 1536 3815 unaquaevis
1572 3734 1873 3797 societas
1910 3733 1977 3796 in
2012 3732 2245 3797 caelo:
2296 3754 2386 3797 ex
2419 3752 2605 3796 nexu
2637 3753 2802 3796 cau-

557 3844 803 3901 sarum,
837 3846 1013 3909 quae
1050 3827 1141 3890 ibi
1186 3824 1526 3892 adductae
1561 3838 1747 3902 sunt,
1783 3829 2089 3910 sequitur
2122 3828 2305 3910 quod
2342 3828 2801 3911 unusquisque

557 3919 845 4001 angelus
871 3922 1128 4005 pariter
1151 3922 1422 3988 reserat.
1511 3922 1705 3989 Sicut
1731 3922 1997 3987 caelum
2026 3933 2133 3988 est
2160 3924 2370 3987 homo
2402 3924 2469 3986 in
2496 3924 2803 3987 maxima

557 4013 791 4091 forma,
815 4026 886 4080 et
911 4018 1210 4081 societas
1231 4019 1404 4082 caeli
1423 4019 1492 4082 in
1513 4019 1797 4092 minore,
1821 4020 1918 4083 ita
1938 4018 2229 4099 angelus
2253 4028 2371 4081 est
2390 4020 2454 4081 in
2478 4019 2757 4081 minima
2784 4038 2799 4096 ;

560 4110 805 4173 namin
831 4108 1323 4194 perfectissima
1341 4112 1579 4188 forma,
1597 4112 1817 4195 qualis
1843 4122 1949 4176 est
1969 4113 2184 4176 forma
2206 4113 2399 4188 caeli,
2424 4112 2801 4177 similitudo

557 4204 772 4269 totius
809 4214 920 4270 est
964 4207 1030 4271 in
1071 4219 1289 4290 parte,
1329 4218 1401 4273 et
1438 4210 1648 4291 partis
1692 4210 1761 4272 in
1810 4218 2009 4273 toto:
2073 4228 2279 4273 causa
2316 4208 2501 4292 quod
2546 4209 2642 4272 ita
2685 4209 2797 4283 sit,

554 4309 684 4375 est,
724 4301 880 4384 quia
924 4302 1190 4367 caelum
1236 4314 1343 4369 est
1389 4305 1803 4381 communio,
1843 4305 2312 4369 communicat
2350 4306 2533 4369 enim
2570 4305 2802 4369 omnia

555 4416 678 4461 sua
707 4415 862 4462 cum
895 4402 1296 4482 unoquoviS,
1324 4410 1396 4465 et
1429 4402 1890 4483 unusquisque
1919 4402 2164 4483 recipit
2195 4420 2285 4464 ex
2319 4400 2801 4464 communione

553 4490 674 4555 illa
708 4494 942 4558 omnia
972 4514 1135 4574 sua;
1181 4495 1472 4578 angelus
1504 4505 1613 4560 est
1650 4496 2187 4579 receptaculum,
2222 4504 2294 4561 et
2339 4496 2497 4560 inde
2530 4494 2800 4559 caelum

553 4588 621 4649 in
656 4588 932 4655 minima
963 4590 1203 4668 forma,
1230 4602 1310 4657 ut
1338 4612 1608 4675 quoque
1639 4592 1707 4655 in
1740 4612 1865 4657 suo
1894 4592 2191 4657 articulo
2214 4612 2417 4676 supra
2442 4602 2801 4657 ostensum
