3371 5304
604 597 721 676 138
1239 608 1342 660 DE
1387 607 1640 660 CAELo
1688 608 1786 658 ET
1832 608 2200 659 INFERNO.

595 803 726 866 que
773 781 1312 848 consonantibus
1357 781 1562 857 duris,
1603 791 1678 846 et
1723 802 1878 846 raro
1920 781 2173 845 labitur
2218 802 2259 844 a
2297 792 2729 849 consonante
2774 784 2841 847 in

594 887 1116 952 consonantem,
1151 877 1276 941 nisi
1311 896 1431 958 per
1461 879 2063 958 interpositionem
2095 878 2287 940 vocis
2317 897 2491 961 quae
2524 880 2763 961 incipit
2802 900 2842 943 a

592 973 836 1037 vocali.
928 972 1098 1036 Inde
1117 981 1246 1047 est,
1271 975 1456 1055 quod
1487 973 1556 1036 in
1583 971 1821 1036 Verbo
1854 974 2067 1036 toties
2092 974 2572 1057 interponatur
2595 974 2845 1040 vocula

597 1073 637 1100 “
661 1067 794 1142 et,”
825 1077 899 1131 ut
936 1078 1257 1132 constare
1290 1077 1529 1150 potest
1566 1066 1700 1132 illis
1730 1069 1843 1150 qui
1881 1067 2124 1150 legunt
2157 1067 2462 1131 Verbum
2502 1071 2569 1132 in
2607 1069 2843 1152 lingua

597 1162 937 1238 Hebraea,
965 1163 1032 1225 in
1065 1183 1198 1245 qua
1229 1162 1346 1226 illa
1371 1163 1618 1227 vocula
1650 1171 1759 1227 est
1792 1162 2040 1236 molli3‚
2064 1173 2135 1226 et
2169 1164 2487 1246 utrinque
2513 1175 2718 1227 sonat
2750 1183 2841 1227 ex

597 1256 837 1320 vocali.
938 1257 1051 1320 Ex
1084 1258 1366 1320 vocibus
1400 1260 1611 1322 etiam
1648 1259 1718 1322 in
1751 1256 1991 1322 Verbo
2022 1259 2086 1320 in
2121 1257 2239 1320 illa
2272 1259 2507 1340 lingua
2531 1258 2839 1342 aliquan-

595 1361 738 1416 tum
771 1353 926 1415 sciri
958 1361 1210 1434 potest,
1255 1373 1414 1415 num
1447 1355 1841 1435 pertineant
1872 1353 1961 1416 ad
1994 1353 2288 1416 classem
2322 1353 2697 1418 caelestem
2731 1355 2841 1418 vel

593 1447 681 1508 ad
716 1446 1008 1510 classem
1041 1447 1486 1528 spiritualem,
1515 1449 1616 1513 ita
1651 1467 1813 1511 num
1844 1447 2203 1512 involvant
2238 1448 2491 1512 bonum
2530 1449 2638 1512 vel
2681 1468 2841 1512 num

596 1561 871 1605 verum:
920 1561 1094 1624 quae
1131 1543 1494 1607 involvunt
1533 1544 1811 1618 bonum,
1849 1542 2132 1606 trahunt
2180 1543 2473 1606 multum
2520 1565 2611 1607 ex
2659 1543 2727 1609 U
2772 1555 2842 1608 et

597 1633 681 1711 O,
717 1645 790 1698 et
823 1655 1093 1718 quoque
1125 1637 1548 1719 aliquantum
1582 1658 1673 1701 ex
1710 1637 1778 1700 A
1805 1659 1819 1715 ;
1880 1647 1953 1700 at
1988 1657 2163 1720 quae
2194 1636 2556 1701 involvunt
2582 1657 2839 1712 verum,

597 1731 883 1794 trahunt
916 1752 1006 1795 ex
1040 1731 1100 1794 E
1139 1742 1211 1797 et
1251 1733 1302 1795 1.
1394 1729 1571 1814 Quia
1601 1731 1998 1796 affectiones
2030 1734 2361 1814 imprimis
2398 1753 2473 1796 se
2509 1745 2841 1798 exserunt

597 1846 716 1908 per
747 1845 979 1902 sonoS,
1007 1827 1163 1890 ideo
1194 1848 1461 1910 quoque
1487 1838 1807 1892 amantur
1836 1848 2047 1892 voces
2084 1831 2152 1891 in
2186 1848 2505 1892 sermone
2524 1828 2838 1904 hominis,

595 1941 750 1985 cum
775 1923 1004 2004 agitur
1027 1921 1113 1985 de
1139 1925 1429 2004 magnis,
1457 1933 1532 1987 ut
1567 1923 1653 1986 de
1687 1923 1881 1986 caelo
1913 1933 1985 1986 et
2017 1923 2103 1986 de
2140 1924 2311 1998 Deo,
2341 1925 2585 2006 quibus
2610 1926 2841 1988 insunt

597 2015 665 2080 U
703 2028 776 2080 et
815 2015 916 2080 O:
965 2019 1178 2080 etiam
1207 2017 1358 2081 soni
1405 2019 1642 2081 musici
1680 2016 1841 2081 illuc
1888 2039 1963 2080 se
2000 2019 2376 2092 extollunt,
2418 2038 2572 2082 cum
2610 2021 2840 2101 expri-

600 2122 876 2176 muntur
911 2112 1198 2190 similia;
1255 2112 1455 2176 aliter
1498 2133 1654 2177 cum
1700 2115 1931 2195 agitur
1974 2114 2062 2176 de
2110 2134 2247 2178 non
2296 2117 2581 2196 magniS.
2672 2115 2841 2178 Inde

597 2217 707 2271 est
775 2208 958 2291 quod
1027 2229 1136 2272 ars
1174 2211 1434 2272 musica
1467 2209 1719 2274 calleat
1758 2211 2147 2294 exprimere
2187 2208 2619 2274 affectionum
2656 2212 2843 2274 varia

599 2323 876 2385 genera.

726 2411 914 2479 242.
975 2397 1053 2462 In
1115 2398 1390 2481 loquela
1436 2398 1753 2480 angelica
1796 2409 1904 2463 est
1958 2399 2235 2482 quidam
2282 2409 2685 2474 concentus,
2732 2401 2842 2482 qui

510 2508 516 2516 ·
599 2514 738 2558 non
784 2491 1482 2575 describi-potest.(tt>
1572 2494 1707 2558 Ille
1750 2503 2132 2558 concentus
2181 2504 2291 2558 est
2352 2515 2443 2558 ex
2504 2515 2611 2569 eo,
2660 2497 2843 2578 quod

600 2591 1066 2672 cogitationes
1097 2599 1170 2652 et
1201 2587 1615 2664 affectioneS,
1651 2609 1744 2652 ex
1782 2589 2025 2673 quibus
2058 2589 2353 2672 loquela,
2383 2611 2457 2655 se
2490 2588 2843 2663 effundant

600 2696 671 2750 et
720 2686 1104 2750 diffundant
1143 2686 1514 2749 secundum
1560 2685 1849 2749 sormam
1896 2684 2094 2759 caeli,
2136 2695 2207 2750 et
2254 2686 2471 2749 forma
2516 2686 2693 2750 caeli
2736 2697 2844 2750 est

601 2782 976 2845 secundum
1001 2800 1204 2863 quam
1238 2800 1478 2843 omnes
1502 2780 1885 2843 consociati
1918 2790 2099 2855 sunt,
2128 2788 2201 2843 et
2232 2781 2607 2844 secundum
2640 2800 2842 2863 quam

601 2878 824 2943 omnis
857 2876 1412 2941 communicatio,
1501 2872 1707 2957 Quod
1740 2873 1971 2957 angeli
2003 2876 2382 2939 consociati
2418 2876 2559 2939 sint
2598 2896 2841 2939 secun-

601 2974 763 3036 dum
794 2970 1082 3036 fermam
1116 2970 1310 3045 caeli,
1338 2981 1410 3035 et
1447 2971 1633 3054 quod
1665 2972 2129 3053 cogitationes
2160 2980 2231 3034 et
2264 2968 2658 3035 affectiones
2688 2969 2845 3034 illo-

600 3088 748 3131 rum
787 3068 1000 3131 fluant
1039 3066 1416 3130 secundum
1453 3066 1664 3141 illam,
1706 3065 2022 3129 videatur
2058 3084 2262 3148 supra
2302 3064 2396 3148 (n.
2432 3064 2789 3149 -200-212).

669 3168 674 3177 '
729 3176 924 3245 243·
985 3160 1238 3226 Similis
1275 3161 1569 3245 loquela,
1610 3161 1831 3243 qualis
1884 3170 1995 3225 est
2053 3162 2123 3224 in
2181 3161 2437 3226 mundo
2484 3161 2843 3241 spirituali,

600 3257 810 3321 insita
847 3265 953 3320 est
991 3258 1200 3321 cuivis
1237 3256 1516 3333 homini,
1558 3256 1680 3320 sed
1720 3252 1787 3319 in
1828 3266 2024 3338 parte
2068 3254 2213 3337 ejus
2250 3252 2701 3319 intellectuali
2742 3256 2845 3318 in-

601 3354 892 3429 teriore;
941 3362 1050 3415 ast
1088 3353 1246 3434 quia
1281 3350 1401 3415 illa
1436 3352 1618 3435 apud
1659 3351 2011 3415 hominem
2049 3370 2187 3413 non
2227 3350 2480 3413 labitur
2523 3351 2594 3414 in
2640 3369 2847 3413 voees

601 3447 939 3529 analogas
974 3446 1337 3524 affectioni,
1373 3446 1549 3511 sicut
1587 3445 1770 3527 apud
1808 3446 2118 3528 angelos,
2160 3445 2369 3509 homo
2408 3446 2627 3508 nescit
2664 3444 2847 3527 quod

603 3540 693 3607 sit
731 3544 798 3606 in
835 3542 956 3606 illa
988 3563 1003 3606 ε
1051 3542 1211 3605 inde
1243 3552 1476 3605 tamen
1507 3550 1638 3617 est,
1673 3541 1857 3623 quod
1894 3540 2105 3606 homo
2143 3540 2303 3604 dum
2335 3541 2525 3603 venit
2564 3539 2631 3603 in
2670 3539 2845 3603 alte-

603 3657 748 3701 ram
786 3640 1022 3714 vitam,
1058 3638 1124 3700 in
1163 3637 1404 3701 eadem
1439 3634 1713 3719 loquela
1748 3637 1838 3700 sit
1876 3656 2031 3700 cum
2069 3635 2418 3718 spiritibus
2463 3644 2535 3697 et
2580 3634 2847 3717 angelis

603 3734 717 3807 ibi,
766 3742 837 3797 et
884 3733 1065 3816 quod
1111 3734 1212 3797 ita
1254 3734 1426 3798 sciat
1466 3732 1649 3815 loqui
1688 3730 1878 3795 nullo
1914 3727 2325 3796 docentem)
2416 3729 2553 3793 Sed
2591 3730 2677 3795 de
2714 3730 2843 3793 hac

604 3848 676 3891 re
712 3828 886 3891 infra
922 3827 1134 3911 plura.

1395 4033 1474 4085 (ιι
1497 4042 1693 4075 aucam·
1718 4034 2049 4085 caum-rm.)

715 4137 790 4207 (p
827 4136 860 4259 ὲ
905 4132 1086 4259 Q6uod
1125 4135 1184 4191 in
1224 4135 1464 4274 l)oquela
1492 4134 1765 4205 angelica
1792 4133 1872 4189 sit
1902 4143 2236 4189 concentus
2265 4134 2613 4189 harmonice
2642 4132 2849 4187 labens

635 4224 692 4262 n.
723 4220 744 4260 1
861 4248 875 4268 ‚
912 4222 930 4260 1
1049 4246 1061 4267 .
1133 4222 1148 4259 1
1203 4222 1222 4259 1
1261 4247 1272 4261 .

608 4210 631 4275 (
715 4222 832 4347 (ᾳέ)
947 4220 1066 4331 uffii
1090 4218 1342 4349 ⁷lozue1a
1375 4276 1705 4346 spiritualis
1740 4291 1845 4332 seu
1888 4276 2161 4347 angelica
2200 4274 2280 4331 sit
2321 4275 2486 4345 apud
2526 4275 2850 4336 hominem,

604 4348 847 4403 tametsi
874 4348 890 4402 i
961 4347 1152 4403 nescit
1180 4350 1260 4415 (n.
1285 4346 1703 4416 4014[?4104]).

715 4416 898 4489 Quod
927 4419 1096 4473 ideae
1122 4418 1340 4473 interni
1367 4418 1629 4473 hominis
1655 4418 1778 4472 sint
1794 4416 2152 4488 spirituales.
2170 4416 2279 4472 sed
2302 4417 2465 4500 quod
2493 4416 2694 4478 horno,
2714 4431 2847 4470 curn

611 4490 670 4544 in
699 4490 928 4545 mundo
943 4490 1108 4551 vivit,
1131 4488 1422 4559 percipiat
1449 4488 1581 4543 illas
1601 4488 1972 4549 naturaliter.
1990 4489 2133 4559 quia
2154 4498 2302 4543 tunc
2328 4504 2387 4542 m
2416 4486 2669 4543 naturali
2686 4486 2841 4559 cogi-

605 4569 699 4615 tat
727 4563 808 4629 (n.
840 4560 1026 4630 10236,
1058 4555 1280 4626 10240[?
1311 4558 1522 4626 10237J,
1556 4560 1769 4629 10550).
