3371 5304
651 613 1398 668 connssspounamm
1426 613 1656 668 cAam
1688 613 1846 668 cun
1883 613 2221 669 oumnus
2251 615 2642 692 Tar-rums.
2690 602 2769 686 65

537 787 720 874 Ipso,
754 791 1067 873 procedit
1110 792 1198 856 ab
1243 790 1407 875 Ipso
1444 812 1566 875 per
1601 789 1835 866 caelos
1872 788 2263 854 successive
2306 788 2375 854 in
2420 790 2771 864 mundum,

535 906 614 950 ac
651 887 720 950 in
761 886 1014 952 ultimis
1047 887 1137 952 ibi
1175 888 1605 954 terminatur.
1698 884 1896 967 Quae
1929 884 2305 954 secundum
2336 885 2647 950 ordinem
2684 887 2773 952 ibi

533 992 716 1056 sunt,
749 981 1408 1064 correspondentiae
1442 991 1624 1048 sunt.
1714 979 2105 1046 Secundum
2136 980 2449 1048 ordinem
2486 980 2577 1044 ibi
2614 991 2771 1046 sunt

533 1078 764 1142 omnia
805 1097 982 1159 quae
1029 1077 1213 1142 bona
1257 1088 1331 1142 et
1384 1073 1688 1161 perfecta
1733 1083 1896 1141 sunt
1944 1074 2033 1146 ad
2094 1094 2311 1150 usum,
2360 1094 2523 1143 nam
2566 1095 2773 1142 omne

533 1171 786 1237 bonum
837 1181 948 1237 est
1001 1171 1262 1238 bonum
1309 1172 1682 1238 secundum
1732 1189 1967 1246 usum3
2032 1169 2251 1234 forma
2294 1190 2371 1240 se
2422 1170 2627 1238 refert
2682 1172 2773 1236 ad

531 1285 786 1340 verum,
819 1266 979 1349 quia
1010 1285 1244 1333 verum
1280 1276 1390 1330 est
1429 1265 1646 1330 forma
1676 1264 1859 1328 boni.
1952 1263 2123 1330 Inde
2154 1273 2286 1338 est,
2321 1265 2505 1347 quod
2532 1267 2773 1331 omnia

529 1379 702 1442 quae
755 1361 824 1424 in
869 1361 1188 1432 universo
1233 1361 1492 1426 mundo
1549 1381 1630 1426 ac
1692 1361 1763 1424 in
1820 1357 2053 1426 mundi
2104 1368 2349 1424 natura
2405 1361 2474 1424 in
2532 1359 2772 1426 ordine

531 1451 784 1520 Divino
821 1465 1000 1528 sunt,
1041 1475 1114 1520 se
1153 1456 1240 1519 ad
1279 1456 1536 1522 bonum
1574 1465 1648 1518 et
1687 1473 1923 1523 verum
1958 1449 2348 1522 referantssk)

655 1545 854 1616 108.
913 1546 1120 1630 Quod
1151 1551 1382 1614 omnia
1411 1571 1587 1633 quae
1624 1551 1694 1614 in
1732 1549 1991 1614 mundo
2027 1558 2187 1614 sunt
2224 1569 2316 1614 ex
2354 1547 2609 1614 Divino
2644 1570 2769 1614 ex-

533 1642 770 1717 istant,
809 1663 888 1708 ac
936 1645 1308 1710 induantur
1352 1645 1612 1712 talibus
1671 1646 1741 1710 in
1788 1655 2057 1720 natura,
2098 1664 2219 1727 per
2262 1665 2437 1728 quae
2482 1645 2573 1710 ibi
2618 1665 2771 1710 esse

530 1747 841 1818 possunt,
889 1747 964 1803 et
1021 1739 1246 1805 facere
1306 1760 1525 1816 usum,
1585 1750 1658 1808 et
1716 1741 1815 1804 sic
1874 1739 2433 1822 correspondere,
2490 1749 2769 1806 constat

528 1832 889 1900 manifeste
935 1855 1028 1898 ex
1088 1835 1376 1916 singulis
1422 1855 1598 1918 quae
1657 1837 1727 1899 in
1781 1855 2005 1918 regno
2050 1845 2197 1902 tam
2241 1834 2519 1898 animali
2562 1853 2767 1917 quam

529 1928 905 2008 vegetabili
943 1941 1324 2014 apparent3
1387 1931 1454 1995 in
1503 1940 1799 2014 utroque
1836 1939 1999 1995 sunt
2044 1930 2233 2004 talia,
2274 1949 2449 2012 quae
2484 1931 2769 2013 quisque

527 2023 760 2089 videre
806 2033 1065 2104 potest,
1114 2027 1170 2090 si
1217 2046 1310 2090 ex
1353 2027 1664 2091 interiori
1710 2027 2005 2107 cogitat,
2053 2024 2237 2109 quod
2282 2046 2323 2090 e
2366 2023 2563 2090 caelo
2606 2027 2767 2089 sint.

529 2115 644 2182 Ad
681 2117 1216 2186 illustrationem
1265 2141 1358 2186 ex
1404 2121 2009 2187 innumerabilibus
2047 2140 2265 2202 pauca
2301 2118 2466 2184 licet
2502 2139 2765 2184 memo-

527 2233 714 2292 rare,
779 2213 890 2280 hic
939 2216 1231 2299 primum
1270 2217 1502 2299 aliqua
1557 2217 1628 2280 in
1688 2217 1943 2300 Regno
1980 2215 2309 2280 Animali.
2360 2216 2501 2282 -Ibi
2548 2215 2767 2299 qualis

528 2308 818 2374 scientia
855 2311 1050 2392 quasi
1093 2312 1298 2376 insita
1351 2313 1442 2376 sit
1503 2310 1787 2376 cuilibet
1842 2312 2142 2386 animali,
2183 2311 2486 2394 pluribus
2522 2323 2765 2376 notum

525 2414 655 2470 est.
744 2403 986 2470 Sciunt
1017 2427 1184 2489 apes
1223 2407 1455 2490 legere
1489 2406 1701 2471 mella
1728 2427 1823 2470 ex
1852 2406 2129 2472 floribus
2157 2427 2174 2484 ;
2220 2407 2517 2470 condere
2549 2407 2763 2471 cellu-

527 2497 630 2564 las
671 2520 764 2564 ex
803 2520 984 2576 cera,
1025 2503 1092 2565 in
1132 2503 1375 2585 quibus
1415 2501 1624 2568 mella
1659 2523 1783 2565 sua
1818 2501 2225 2577 recondant,
2267 2511 2341 2566 et
2388 2503 2483 2566 sic
2519 2503 2647 2566 sibi
2692 2511 2765 2567 et

525 2595 662 2659 suis
687 2597 1074 2680 prospicere
1100 2598 1258 2663 cibo
1279 2598 1492 2662 etiam
1525 2617 1647 2681 pro
1675 2597 1894 2661 sutura
1918 2597 2145 2661 hieme
2176 2617 2191 2676 ;
2231 2594 2508 2661 femella
2530 2615 2765 2661 eorum

523 2695 720 2776 ponit
743 2714 900 2769 ova,
929 2694 1142 2759 ceteri
1167 2694 1586 2769 ministrant,
1613 2704 1687 2757 et
1712 2694 2303 2757 circuminducunt
2333 2692 2475 2768 illa,
2504 2703 2579 2758 ut
2603 2694 2763 2759 inde

409 2782 426 2809 '
525 2809 702 2853 nova
725 2809 1036 2873 propago
1057 2800 1380 2853 nascatur
1409 2811 1425 2868 ;
1466 2790 1706 2854 vivunt
1730 2790 1799 2852 in
1827 2788 2125 2872 quadam
2150 2788 2498 2870 regiminis
2522 2789 2761 2863 forma,

523 2902 724 2967 quam
755 2904 848 2946 ex
879 2884 1090 2948 insito
1121 2895 1374 2947 norunt
1408 2904 1648 2948 omnes
1679 2885 1795 2961 ibi,
1819 2883 2023 2947 utiles
2044 2892 2481 2955 conservant,
2508 2902 2589 2947 ac
2612 2884 2761 2947 inu·

524 2977 682 3043 tiles
715 2977 995 3061 ejiciunt
1027 2999 1106 3044 ac
1137 2980 1506 3063 deprivant
1529 2980 1699 3058 alis;
1747 2990 2023 3062 praeter
2053 2978 2187 3043 alia
2210 2978 2565 3053 mirabilia,
2588 2998 2763 3061 quae

521 3076 653 3140 illis
699 3096 791 3140 ex
837 3074 1036 3139 caelo
1081 3085 1364 3158 propter
1409 3094 1604 3139 usum
1629 3096 1645 3153 ;
1698 3095 1859 3139 cera
1903 3074 2085 3140 enim
2130 3075 2415 3138 inservit
2461 3073 2763 3137 humano

522 3170 756 3253 generi
804 3189 927 3252 pro
975 3170 1270 3234 lucernis
1323 3172 1390 3234 in
1439 3180 1598 3235 toto
1643 3171 1833 3245 orbe,
1882 3180 1957 3233 et
2010 3169 2144 3234 mel
2192 3190 2317 3252 pro
2360 3169 2763 3233 condiendis

522 3266 710 3330 cibis.
803 3263 985 3347 Quid
1025 3284 1164 3329 non
1201 3264 1279 3329 fit
1317 3284 1472 3329 cum
1510 3264 1924 3341 vermiculis,
1964 3266 2077 3348 qui
2122 3266 2190 3327 in
2228 3284 2447 3347 regno
2482 3262 2761 3327 animali

519 3360 852 3424 vilissima
895 3360 1132 3429 sunt?
1193 3358 1433 3426 Sciunt
1471 3360 1570 3423 illi
1609 3380 1684 3425 se
1722 3362 1981 3424 nutrire
2016 3379 2228 3424 succo
2264 3379 2357 3423 ex
2394 3359 2531 3423 suis
2560 3358 2759 3431 soliis,

519 3466 590 3521 et
633 3466 884 3539 postea
920 3453 1176 3520 exacto
1211 3466 1526 3539 tempore
1559 3477 1640 3521 se
1677 3457 1933 3520 circum
1964 3456 2284 3521 inducere
2322 3456 2654 3536 tegmine,
2688 3464 2761 3517 et

517 3552 708 3634 quasi
741 3570 997 3633 ponere
1027 3552 1096 3614 in
1133 3560 1348 3625 utero,
1379 3562 1454 3615 et
1485 3553 1584 3615 sic
1617 3550 1996 3615 excludere
2026 3550 2293 3634 prolem
2316 3551 2431 3613 sui
2469 3549 2761 3630 generis.

519 3644 818 3728 Quidam
849 3656 1213 3711 vertuntur
1243 3648 1534 3730 primum
1571 3648 1639 3710 in
1680 3646 2020 3729 nymphas
2057 3655 2131 3710 et
2167 3644 2639 3727 chrysallides,
2678 3662 2759 3707 ac

517 3740 628 3804 fila
651 3742 1058 3823 producunt,
1085 3752 1159 3806 et
1192 3752 1352 3825 post
1371 3742 1815 3806 exantlatum
1844 3742 2151 3806 laborem
2172 3748 2595 3805 exornantur
2622 3736 2761 3801 alio

517 3856 826 3919 corpore,
867 3848 941 3901 et
985 3839 1448 3919 insigniuntur
1483 3837 1630 3913 alis,
1673 3847 1745 3901 et
1792 3836 2035 3900 volant
2082 3838 2149 3899 in
2197 3856 2353 3900 aere
2400 3844 2475 3899 ut
2522 3836 2589 3898 in
2636 3854 2759 3897 suo

517 3931 735 4007 cae10,
757 3950 839 3996 ac
859 3932 1182 4014 conjugia
1199 3932 1580 4006 celebrant,
1610 3942 1877 4015 ponunt
1904 3952 2057 4006 ova,
2083 3941 2159 3996 et
2184 3931 2309 3996 sibi
2334 3930 2759 4014 prospiciunt

517 4028 1016 4107 posteritatem.
1099 4027 1382 4092 Praeter
1400 4028 1530 4091 hos
1549 4026 1619 4090 in
1639 4028 1892 4110 specie,
1914 4027 2140 4091 sciunt
2162 4027 2229 4089 in
2253 4046 2508 4109 genere
2528 4026 2761 4089 omnia

1313 4266 1390 4319 (tx
1417 4276 1614 4309 aucium
1638 4265 1970 4318 amaus)

626 4380 708 4451 (k)
749 4378 930 4455 Quod
953 4378 1162 4442 omnia
1177 4380 1240 4437 in
1265 4380 1546 4437 universo
1564 4390 1689 4437 tam
1715 4379 1884 4436 caelo
1904 4394 2082 4451 quam
2106 4376 2348 4442 mundo.
2369 4394 2523 4451 quae
2546 4394 2761 4435 secun·

519 4451 662 4507 dum
694 4451 967 4507 ordinem
999 4462 1158 4515 sunt,
1191 4466 1256 4506 se
1285 4448 1545 4507 referant
1573 4453 1650 4506 ad
1690 4452 1916 4505 bonum
1954 4460 2017 4505 et
2052 4466 2262 4506 verum
2297 4450 2377 4519 (n.
2410 4462 2567 4520 2451.
2600 4450 2757 4523 3166.

516 4536 678 4651 439εέΞ
699 4536 858 4592 4409,
889 4534 1042 4607 5²3²·
1070 4520 1226 4605 7356,
1258 4536 1348 4578 101
1361 4522 1470 4607 ²²).·
1838 4591 1851 4607 .
2117 4591 2131 4606 ·

675 4604 708 4649 t
725 4594 808 4651 ad
829 4592 1322 4659 coniunctionem
1345 4603 1682 4663 utriusque,
1708 4600 1781 4649 ut
1798 4600 1927 4653 ant
1950 4592 2175 4664 aiqmd
2200 4590 2287 4662 (n.
2318 4592 2535 4663 10555).
