3371 5304
687 639 1444 692 CORRESPONDENTIA
1471 637 1705 690 CAELI
1734 637 1897 688 CUM
1930 633 2271 688 OMNIBUS
2300 633 2695 684 TELLURIS.
2744 617 2831 699 63

581 812 1238 896 correspondentias
1297 811 1365 874 in
1419 809 1653 874 omnia
1696 807 1957 883 mundi,
2004 827 2145 872 non
2190 807 2471 870 daretur
2513 803 2829 888 angelus,

581 929 710 974 nec
741 909 1026 972 daretur
1056 908 1288 970 homo.
1372 905 1544 968 Inde
1575 906 1821 968 iterum
1850 913 2075 986 patet,
2103 921 2223 966 cur
2254 902 2593 964 Dominus
2616 899 2835 966 fastus

583 1015 692 1068 est
742 1003 998 1080 Homo,
1037 1022 1118 1066 ac
1163 1001 1388 1065 induit
1426 999 1753 1064 Divinum
1792 1017 1985 1062 suum
2029 998 2355 1061 Humano
2400 1018 2441 1060 a
2486 997 2707 1078 primo
2742 997 2833 1061 ad

583 1100 920 1174 ultimum,
969 1099 1154 1182 quod
1219 1097 1440 1171 suerit,
1488 1097 1814 1178 quoniam
1876 1095 2200 1158 Divinum
2262 1093 2684 1168 Humanum,
2740 1113 2835 1158 ex

587 1215 722 1278 quo
767 1194 1036 1258 caelum
1081 1203 1248 1258 ante
1293 1193 1672 1256 adventum
1722 1189 2021 1265 Domini,
2062 1209 2203 1252 non
2238 1189 2533 1271 amplius
2568 1186 2835 1252 suffecit

581 1291 670 1354 ad
715 1288 1248 1353 sustentandum
1295 1287 1546 1360 omnia,
1595 1285 1752 1368 quia
1798 1286 2029 1359 homo,
2078 1286 2193 1368 qui
2238 1285 2423 1348 basis
2457 1283 2831 1356 caelorum,

583 1382 1027 1450 labefafitavit
1057 1394 1132 1448 et
1164 1382 1518 1447 destruxit
1543 1382 1877 1445 ordinem.
1960 1379 2143 1462 Quid
2174 1389 2247 1444 et
2277 1379 2478 1462 quale
2504 1379 2831 1443 Divinum

585 1479 1006 1554 Humanum,
1051 1479 1236 1562 quod
1295 1487 1464 1542 ante
1515 1477 1893 1541 adventum
1940 1475 2219 1540 Domini
2278 1475 2426 1551 fuit,
2474 1486 2548 1541 et
2608 1475 2833 1560 qualis

587 1583 816 1639 status
853 1574 1026 1638 caeli
1063 1584 1252 1648 tunc,
1291 1574 1449 1637 vide
1485 1574 1553 1636 in
1591 1569 1929 1637 Collefifis
1966 1572 2055 1634 ad
2094 1581 2301 1653 caput
2340 1571 2781 1653 praecedens.

713 1683 906 1734 ιω.
964 1668 1488 1751 obstupescunt
1521 1667 1777 1750 angeli,
1818 1687 1973 1732 cum
2012 1669 2321 1741 audiunt,
2360 1667 2543 1750 quod
2584 1667 2837 1730 dentur

584 1765 902 1831 homines
944 1767 1060 1848 qui
1119 1765 1352 1828 omnia
1384 1774 1672 1829 naturae
1710 1763 2021 1828 tribuunt
2081 1772 2153 1827 et
2213 1763 2380 1826 nihil
2422 1763 2712 1840 Divino;
2760 1771 2836 1826 et

583 1879 854 1944 quoque
890 1861 1004 1943 qui
1042 1861 1334 1923 credunt
1369 1860 1555 1942 quod
1591 1879 1841 1940 corpus
1874 1876 2091 1934 suum,
2132 1860 2201 1922 in
2240 1859 2425 1942 quod
2464 1867 2575 1922 tot
2612 1857 2833 1922 admi-

583 1957 797 2020 randa
822 1954 1000 2019 caeli
1021 1954 1284 2019 collata
1309 1965 1494 2030 sunt,
1521 1954 1895 2019 conflatum
1922 1957 2012 2019 sit
2046 1975 2136 2018 ex
2158 1963 2440 2018 natura:
2490 1964 2563 2017 et
2588 1955 2832 2036 magiS,

589 2051 770 2134 quod
821 2050 1164 2115 rationale
1219 2049 1520 2113 hominis
1577 2050 1791 2113 etiam
1846 2049 2006 2113 inde
2066 2049 2195 2127 sit;
2262 2067 2415 2112 cum
2470 2057 2731 2124 tamen,
2780 2047 2835 2112 si

585 2146 798 2210 modo
839 2145 1272 2229 aliquantum
1317 2146 1597 2210 elevent
1645 2154 1974 2222 mentem,
2016 2144 2253 2209 videre
2299 2154 2611 2227 possunt,
2651 2145 2835 2227 quod

585 2238 760 2304 talia
803 2241 941 2304 sint
987 2261 1078 2304 ex
1127 2239 1404 2316 Divino,
1443 2250 1517 2304 et
1563 2259 1703 2304 non
1748 2260 1841 2304 ex
1889 2249 2177 2317 natura;
2240 2249 2313 2302 et
2358 2238 2542 2322 quod
2591 2249 2839 2303 natura

585 2336 794 2398 modo
831 2346 1066 2400 creata
1103 2336 1196 2398 sit
1233 2345 1308 2399 ut
1345 2337 1674 2399 investiat
1712 2333 2090 2417 spirituale,
2132 2341 2205 2398 et
2252 2333 2320 2397 id
2359 2335 2568 2398 sistat
2605 2353 2833 2398 corre·

583 2431 933 2512 spondens
971 2431 1036 2493 in
1075 2429 1324 2494 ultimo
1359 2431 1658 2496 ordinis:
1724 2430 1847 2494 sed
1897 2427 2075 2493 tales
2120 2427 2505 2493 assimilant
2544 2425 2833 2506 noetuis,

583 2545 757 2608 quae
793 2525 1032 2590 vident
1069 2525 1138 2589 in
1176 2525 1502 2602 tenebriS,
1543 2535 1615 2590 et
1655 2525 1823 2589 nihil
1860 2526 1927 2588 in
1967 2524 2141 2589 luce.

1583 2994 1843 3081 [xm]

591 3178 818 3264 Quon
851 3180 1614 3249 CORRESPONDENTIA
1643 3182 1887 3247 CAELI
1920 3195 2039 3247 srr
2076 3194 2235 3249 cmi
2269 3194 2607 3248 omanus
2638 3182 2837 3248 Tm„-

1599 3290 1843 3343 unus„

717 3471 915 3540 103·
976 3454 1158 3538 Quid
1220 3456 1860 3540 correspondentia,
1908 3456 1977 3521 in
2040 3456 2500 3538 praecedente
2546 3456 2837 3521 articulo

591 3547 845 3615 difi'cum
878 3562 1028 3631 est;
1075 3561 1147 3615 et
1178 3572 1447 3635 quoque
1479 3551 1572 3616 ibi
1597 3562 1974 3627 ostensum,
1998 3552 2182 3635 quod
2209 3554 2441 3617 omnia
2464 3561 2536 3617 et
2566 3551 2838 3634 singula

592 3648 896 3727 corporis
933 3646 1246 3711 animalis
1282 3648 1940 3729 correspondentiae
1978 3648 2161 3711 sint:
2226 3666 2404 3711 nunc
2446 3648 2684 3712 ordine
2730 3668 2837 3713 se-

589 3742 816 3824 quitur
873 3742 1405 3817 ostendendum,
1455 3743 1637 3824 quod
1698 3744 1929 3807 omnia
1975 3743 2265 3819 telluris,
2313 3753 2386 3807 et
2452 3744 2521 3807 in
2580 3764 2837 3825 genere

587 3836 817 3900 omnia
851 3838 1106 3913 mundi,
1140 3838 1791 3918 correspondentiae
1828 3839 1987 3902 sint.

716 3946 918 4015 104.
977 3930 1227 3996 Omnia
1272 3952 1444 4016 quae
1491 3933 1761 3997 telluris
1805 3944 1988 4009 sunt,
2036 3934 2546 4017 distinguuntur
2592 3935 2661 3999 in
2707 3934 2838 3999 tria

589 4046 865 4109 genera,
912 4046 1086 4110 quae
1147 4037 1485 4091 vocantur
1550 4046 1805 4109 regna;
1878 4049 2129 4113 nempe
2185 4048 2470 4113 regnum
2517 4030 2835 4107 animale,

587 4136 875 4202 regnum
912 4121 1329 4204 vegetabile,
1369 4130 1440 4186 et
1487 4142 1776 4203 regnum
1822 4124 2171 4189 minerale.
2264 4122 2461 4207 Quae
2506 4126 2573 4189 in
2619 4142 2839 4207 regno

589 4214 866 4279 animali
902 4226 1082 4293 sunt,
1125 4216 1775 4298 correspondentiae
1821 4219 1888 4282 in
1936 4218 2154 4301 primo
2198 4218 2416 4303 gradu
2462 4228 2642 4295 sunt,
2682 4218 2840 4303 quia

587 4308 875 4390 vivunt;
928 4331 1102 4394 quae
1141 4312 1210 4375 in
1249 4332 1466 4394 regno
1503 4313 1899 4395 vegetabili,
1932 4316 2585 4397 correspondentiae
2621 4314 2689 4378 in
2728 4334 2837 4379 se·

587 4404 816 4469 cundo
873 4406 1091 4488 gradu
1135 4416 1318 4481 sunt,
1359 4408 1519 4491 quia
1577 4408 1787 4472 modo
1832 4421 2194 4491 crescunt;
2262 4432 2435 4495 quae
2495 4410 2562 4475 in
2620 4430 2840 4494 regno

589 4500 899 4565 minerali
936 4510 1117 4595 sunt,
1157 4502 1809 4585 correspondentiae
1847 4506 1914 4569 in
1955 4506 2166 4572 tertio
2203 4506 2420 4590 gradu
2456 4515 2641 4582 sunt,
2680 4506 2838 4592 quia

592 4614 729 4659 non
761 4593 1000 4662 vivunt
1033 4615 1159 4663 nec
1193 4609 1529 4665 crescunt.
1620 4597 2293 4683 correspondentiae
2330 4604 2397 4667 in
2434 4620 2653 4687 regno
2687 4600 2835 4667 ani·
