3371 5304
589 617 712 696 316
1237 630 1340 680 DE
1381 630 1635 682 CAELO
1680 631 1778 684 ΕΤ
1826 631 2193 687 INFERNO.

584 799 805 864 solum
851 799 1036 882 loqui
1081 808 1155 866 et
1199 821 1428 883 agere.
1517 801 1729 868 Tales
1768 814 1931 868 sunt
1968 803 2295 887 plerique,
2332 804 2451 889 qui
2485 804 2691 872 hodie
2725 826 2819 870 ex

583 894 750 958 orbe
788 892 1180 958 Christiano
1215 896 1284 958 in
1317 895 1612 960 alteram
1646 897 1865 961 vitam
1902 899 2211 964 veniunt.

708 989 920 1072 496.
981 988 1458 1072 Explorantur
1521 1010 1735 1074 usque
1798 1012 1841 1056 a
1904 993 2105 1058 bonis
2176 992 2525 1075 spiritibus
2582 993 2821 1076 quales

581 1091 767 1158 sunt,
807 1092 884 1148 et
927 1082 1058 1146 hoc
1103 1085 1306 1148 variis
1351 1085 1616 1164 modis3
1683 1087 2007 1169 quoniam
2064 1088 2133 1152 in
2190 1089 2411 1170 primo
2455 1087 2585 1151 hoc
2630 1097 2823 1153 statu

583 1177 745 1240 mali
779 1198 994 1261 aeque
1025 1199 1188 1242 vera
1222 1179 1614 1262 loquuntur,
1647 1200 1728 1244 ac
1766 1181 1952 1246 bona
1988 1190 2227 1263 agunt,
2264 1182 2440 1248 sicut
2481 1183 2681 1260 boni;
2726 1203 2823 1248 ex

583 1292 810 1347 causa,
860 1273 946 1336 de
1005 1293 1140 1356 qua
1195 1293 1420 1355 supra,
1479 1274 1635 1356 quia
1690 1295 1906 1358 aeque
1965 1276 2319 1341 moraliter
2372 1279 2694 1342 vixerunt
2749 1279 2821 1342 in

581 1377 878 1430 externa
911 1368 1147 1442 forma,
1181 1369 1506 1450 quoniam
1541 1368 1612 1430 in
1647 1369 2117 1451 regiminibuS,
2150 1380 2223 1434 et
2260 1371 2387 1435 sub
2422 1371 2712 1453 legibus,
2744 1382 2819 1436 et

579 1463 904 1545 quoniam
947 1483 1070 1546 per
1113 1463 1184 1527 id
1227 1473 1745 1545 aucupaverunt
1792 1463 2043 1528 samam
2080 1462 2253 1545 justi
2306 1474 2378 1530 et
2434 1463 2703 1540 sinceri,
2749 1474 2827 1528 et

579 1567 1038 1641 captaverunt
1075 1559 1361 1634 animos,
1402 1569 1476 1622 et
1519 1559 1615 1622 sic
1656 1557 1882 1622 evecti
1916 1569 2079 1622 sunt
2116 1558 2206 1622 ad
2244 1557 2563 1634 honores,
2603 1569 2675 1624 et
2718 1558 2825 1622 lu·

579 1655 753 1720 crati
809 1673 1002 1734 opes.
1093 1653 1668 1718 Internoscuntur
1728 1674 1894 1717 vero
1953 1653 2114 1718 mali
2174 1654 2453 1736 spiritus
2520 1675 2560 1718 a
2624 1654 2827 1718 bonis

580 1750 908 1832 imprimis
945 1769 1067 1830 per
1111 1749 1202 1824 id,
1242 1749 1425 1831 quod
1463 1749 1628 1813 mali
1663 1749 1910 1832 cupide
1946 1748 2313 1812 attendant
2358 1749 2451 1812 ad
2495 1747 2615 1812 illa
2650 1769 2827 1832 quae

580 1847 900 1909 dicuntur
968 1846 1056 1908 de
1115 1846 1447 1920 externiS,
1489 1855 1561 1910 et
1615 1864 1854 1926 parum
1899 1865 2075 1928 quae
2141 1844 2230 1909 de
2294 1845 2603 1922 interniS,
2650 1866 2825 1928 quae

580 1951 740 2004 sunt
778 1961 941 2004 vera
985 1950 1058 2004 et
1105 1941 1288 2004 bona
1331 1939 1669 2004 ecclesiae
1714 1951 1789 2004 et
1834 1940 2049 2020 caeli3
2100 1940 2273 2006 haec
2312 1941 2587 2022 quidem
2630 1941 2825 2006 audi-

579 2045 727 2112 unt,
775 2035 896 2100 sed
945 2055 1083 2098 non
1131 2053 1284 2098 cum
1331 2033 1727 2100 attentione
1774 2045 1846 2100 et
1898 2036 2197 2117 gaudio:
2266 2036 2826 2101 internoscuntur

579 2131 792 2194 etiam
823 2151 944 2214 per
979 2130 1072 2205 id,
1106 2130 1288 2212 quod
1318 2129 1711 2213 frequenter
1742 2151 1815 2196 se
1847 2139 2263 2196 convertant
2293 2131 2381 2193 ad
2402 2124 2646 2194 ‘certas
2678 2130 2825 2213 pla-

579 2245 728 2307 gaS,
777 2236 849 2288 et
909 2245 1064 2290 cum
1125 2225 1254 2288 sibi
1309 2223 1528 2289 relicti
1573 2236 1761 2300 sunt,
1800 2226 1986 2307 quod
2032 2235 2195 2290 eant
2240 2225 2387 2290 vias
2433 2245 2606 2309 quae
2661 2225 2825 2289 illuc

579 2321 899 2384 tendunt.
990 2319 1104 2384 Ex
1143 2320 1594 2384 conversione
1632 2320 1722 2384 ad
1768 2319 2035 2404 plagas,
2077 2328 2150 2384 et
2198 2341 2291 2384 ex
2336 2321 2825 2403 progressione

579 2437 700 2500 per
737 2417 906 2490 vias,
947 2415 1252 2478 noscitur
1281 2414 1503 2497 qualis
1539 2424 1648 2480 est
1685 2434 1879 2480 amor
1916 2416 2027 2497 qui
2066 2415 2276 2480 ducit.

705 2524 907 2595 497.
979 2509 1242 2574 Omnes
1265 2511 1542 2592 spiritus
1565 2513 1678 2593 qui
1705 2510 1971 2574 alluunt
1998 2533 2034 2574 e
2066 2510 2346 2582 mundo,
2374 2510 2647 2592 quidem
2672 2509 2826 2574 alli-

581 2610 728 2691 gati
773 2615 934 2671 sunt
981 2606 1254 2671 cuidam
1299 2607 1623 2670 societati
1669 2607 1736 2670 in
1784 2606 2005 2681 cae10,
2044 2605 2156 2669 vel
2203 2605 2475 2670 cuidam
2511 2606 2829 2670 societati

580 2703 648 2767 in
695 2700 982 2775 insern0,
1025 2701 1146 2765 sed
1195 2700 1406 2763 modo
1451 2702 1678 2783 quoad
1724 2701 2094 2779 interiora3
2144 2706 2249 2763 ast
2294 2700 2621 2764 interiora
2659 2698 2827 2763 nulli

581 2802 826 2877 patent
867 2793 1188 2875 quamdiu
1225 2791 1292 2855 in
1331 2792 1792 2856 exterioribus
1828 2802 2012 2867 sunt,
2048 2788 2207 2855 na'm
2246 2802 2541 2855 externa
2576 2800 2831 2873 tegunt

582 2898 656 2953 et
693 2888 1132 2951 abscondunt
1167 2887 1462 2961 interna,
1503 2887 1808 2951 maxime
1846 2887 2025 2971 apud
2066 2886 2223 2949 illos
2261 2888 2373 2970 qui
2412 2888 2479 2949 in
2516 2887 2827 2951 interiori

585 2981 768 3045 malo
805 2991 1004 3043 sunt:
1053 2980 1176 3045 sed
1215 2990 1462 3062 postea
1493 2980 1859 3045 manifeste
1892 2989 2251 3062 apparent,
2284 2998 2439 3042 cum
2477 2980 2543 3043 in
2584 2999 2827 3043 secun-

583 3075 745 3137 dum
767 3082 1022 3137 statum
1051 3076 1332 3137 veniunt
1359 3095 1373 3151 ;
1423 3074 1578 3157 quia
1604 3084 1769 3137 tunc
1796 3074 2193 3155 aperiuntur
2216 3072 2543 3137 interiora
2567 3090 2825 3146 eorum,

584 3186 666 3231 ac
705 3166 1062 3247 sopiuntur
1101 3166 1470 3229 exteriora.

707 3258 917 3339 498.
978 3254 1216 3321 Status
1261 3256 1371 3321 hic
1434 3256 1688 3339 primus
1734 3257 2033 3319 hominis
2078 3264 2238 3339 post
2288 3265 2581 3319 mortem
2628 3254 2831 3318 durat

583 3352 921 3435 aliquibus
959 3371 1079 3434 per
1113 3352 1281 3427 dies,
1323 3351 1658 3434 aliquibus
1705 3371 1827 3434 per
1870 3370 2166 3425 menses,
2208 3360 2282 3414 et
2327 3350 2665 3433 aliquibus
2708 3370 2831 3432 per

585 3468 863 3523 annum,
896 3458 969 3512 et
1006 3468 1161 3511 raro
1198 3446 1399 3513 alicui
1437 3448 1616 3513 ultra
1651 3466 1906 3511 annum
1937 3468 1952 3524 ;
1999 3446 2287 3529 singulis
2326 3466 2481 3509 cum
2511 3444 2827 3509 differen-

586 3546 682 3610 tia
720 3545 1092 3608 secundum
1131 3544 1530 3609 interiorum
1567 3541 2137 3607 concordantiam
2183 3551 2255 3605 et
2294 3540 2830 3606 discordantiam

555 3660 740 3705 -cum
777 3638 1255 3704 exterioribus.
1345 3636 1554 3720 Apud
1595 3638 2115 3719 unumquemvis
2153 3636 2333 3700 enirn
2371 3636 2721 3699 exteriora
2756 3644 2831 3700 et

585 3736 913 3801 interiora
949 3753 1154 3797 unum
1195 3744 1432 3815 agent,
1472 3743 1544 3798 et
1592 3730 2275 3817 correspondebunt:
2324 3750 2461 3793 non
2498 3730 2667 3793 licet
2705 3728 2830 3794 ali-

586 3832 694 3897 cui
745 3832 813 3894 in
862 3830 1202 3912 spirituali
1248 3830 1505 3893 mundo
1551 3828 1754 3893 aliter
1797 3830 2111 3911 cogitare
2158 3836 2231 3891 et
2276 3824 2457 3889 velle
2504 3845 2580 3887 ac
2630 3826 2834 3889 aliter

585 3928 774 4010 loqui
832 3936 905 3990 et
965 3946 1192 4007 agere,
1241 3925 1523 4007 quisque
1585 3924 1676 3990 ibi
1736 3924 1866 3988 erit
1912 3944 2075 3987 suae
2128 3918 2503 3987 afsefflonis
2556 3940 2677 3984 seu
2730 3920 2835 3985 sui

586 4024 839 4089 amoris
877 4020 1162 4102 effigieS,
1201 4020 1360 4084 ideo
1397 4018 1615 4102 qualis
1651 4029 1761 4083 est
1808 4020 1877 4083 in
1920 4018 2354 4083 interioribus
2388 4015 2550 4081 talis
2586 4016 2718 4079 erit
2762 4017 2831 4079 in

585 4118 1086 4195 exterioribus3
1134 4136 1342 4201 quare
1380 4114 1731 4182 exteriora
1775 4114 2051 4197 spiritus
2090 4113 2378 4197 primum
2422 4118 2834 4194 reteguntur

586 4224 658 4279 et
696 4212 1098 4295 rediguntur
1129 4213 1196 4275 in
1229 4211 1560 4286 ordinem,
1595 4220 1668 4273 ut
1707 4211 2006 4277 serviant
2040 4229 2162 4291 pro
2194 4208 2403 4290 plano
2428 4225 2833 4291 correspon-

588 4311 798 4375 dente
835 4309 1289 4373 interioribus
