3371 5304
550 615 678 692 276
1205 626 1305 677 DE
1350 625 1603 677 CAELO
1650 627 1748 677 ET
1795 627 2158 682 INFERNO.

2637 730 2674 777 e

548 797 713 861 talis
760 797 828 861 in
867 799 1125 863 mundo
1160 798 1407 873 suerat,
1447 809 1522 863 ut
1568 800 1637 865 in
1685 801 2039 867 consortio
2075 802 2412 870 bonorum
2458 823 2598 871 non
2643 824 2796 871 esse

548 896 875 977 potuerit,
910 904 1077 959 tunc
1109 916 1379 978 quoque
1410 896 1498 959 ab
1533 897 1613 959 iis
1646 898 1860 979 cupit,
1887 908 1961 961 et
1990 897 2121 962 hoc
2157 900 2420 963 tamdiu
2453 911 2528 965 et
2561 902 2794 976 totie5‚

546 1009 760 1071 usque
806 990 970 1053 dum
1024 1010 1098 1075 se
1144 992 1447 1055 associat
1496 990 1773 1066 talibus,
1812 992 1928 1074 qui
1980 992 2163 1056 vitae
2211 991 2354 1074 ejus
2412 995 2480 1057 in
2541 996 2794 1059 mundo

548 1102 825 1167 prorsus
884 1087 1329 1162 conveniunt,
1388 1086 1569 1169 apud
1630 1106 1804 1169 quos
1859 1088 2078 1153 vitam
2137 1107 2331 1153 suam
2389 1090 2675 1165 invenit,
2723 1102 2798 1157 et

546 1189 736 1256 tunc,
778 1180 961 1263 quod
1001 1182 1265 1256 mirum,
1304 1180 1598 1245 similem
1636 1183 1854 1245 vitam
1891 1182 2058 1263 agit,
2086 1182 2358 1265 qualem
2396 1186 2463 1248 in
2498 1188 2772 1251 mundo.

672 1291 867 1360 451.
928 1274 1065 1339 Sed
1112 1274 1244 1340 hoc
1291 1277 1655 1340 exordium
1692 1276 1880 1341 vitae
1926 1276 2223 1341 hominis
2271 1288 2430 1360 post
2477 1290 2791 1356 mortem,

546 1389 688 1433 non
721 1380 989 1451 perstat
1012 1371 1193 1435 ultra
1218 1391 1421 1455 quam
1456 1392 1576 1453 per
1608 1370 1876 1454 aliquot
1909 1372 2075 1437 dies.
2168 1370 2538 1454 Quomodo
2561 1386 2794 1439 autem

544 1466 703 1529 dein
745 1467 1141 1548 perducitur
1177 1468 1265 1531 ab
1303 1487 1438 1530 uno
1470 1476 1661 1530 statu
1697 1467 1766 1531 in
1805 1466 2122 1543 alterum,
2157 1478 2230 1531 et
2268 1469 2544 1536 demum
2577 1471 2687 1535 vel
2723 1472 2794 1535 in

544 1561 817 1625 caelum
855 1562 966 1625 vel
1004 1564 1071 1626 in
1109 1561 1466 1637 infernum,
1506 1562 1575 1625 in
1613 1562 2060 1645 sequentibus
2100 1564 2404 1642 dicetur;
2451 1564 2586 1629 hoc
2622 1586 2792 1648 quo·

544 1677 675 1740 que
715 1677 837 1739 per
874 1656 1164 1722 multam
1204 1658 1710 1740 experientiam
1750 1658 1920 1721 scire
1959 1658 2200 1722 datum
2239 1670 2367 1721 est.

670 1766 865 1835 452·
928 1752 1233 1816 Locutus
1264 1772 1414 1815 sum
1448 1771 1599 1815 cum
1635 1752 2042 1835 quibusdam
2074 1754 2286 1817 tertio
2311 1754 2420 1817 die
2453 1764 2609 1836 post
2643 1756 2791 1819 obi·-

542 1855 693 1911 tum
752 1867 1011 1923 eorum,
1068 1857 1140 1911 et
1202 1857 1365 1912 tunc
1426 1847 1567 1921 illa,
1610 1848 1696 1911 de
1755 1847 2002 1929 quibus
2047 1868 2252 1929 supra
2302 1847 2398 1931 (n.
2442 1866 2592 1930 449,
2628 1849 2788 1933 450)

540 1939 823 2023 peraeta
860 1952 1065 2019 sunt;
1127 1960 1281 2005 cum
1320 1942 1536 2006 tribus
1574 1942 1808 2016 etiam,
1850 1942 1962 2023 qui
2009 1942 2077 2005 in
2125 1944 2383 2006 mundo
2431 1943 2592 2007 mihi
2642 1945 2794 2009 noti

541 2036 835 2111 suerunt,
876 2038 1119 2120 quibus
1150 2039 1441 2111 narravi,
1481 2037 1663 2120 quod
1713 2038 2088 2119 exsequiae
2127 2057 2305 2101 nunc
2345 2049 2671 2120 parentur
2715 2049 2793 2106 ut

541 2152 789 2215 corpus
820 2152 1055 2198 eorum
1081 2132 1453 2214 sepeliatur
1480 2152 1495 2195 t
1546 2132 1713 2207 dixi,
1743 2140 1816 2195 ut
1847 2131 2268 2213 sepeliantur
2295 2153 2310 2209 ;
2361 2154 2496 2215 quo
2527 2135 2787 2209 audite,

542 2227 836 2308 perculsi
891 2236 1051 2291 sunt
1110 2227 1409 2308 quodam
1469 2236 1775 2308 stupore,
1825 2226 2138 2289 dicentes
2183 2226 2368 2307 quod
2415 2228 2674 2305 vivant,
2715 2238 2788 2291 at

540 2320 962 2386 intumulent
1008 2322 1075 2385 id
1120 2322 1306 2403 quod
1350 2322 1803 2386 inserviverat
1859 2320 1996 2383 illis
2053 2321 2122 2385 in
2169 2321 2448 2384 mundo.
2541 2322 2794 2387 Postea

542 2418 770 2480 mirati
820 2427 981 2480 sunt
1043 2417 1269 2491 valde,
1310 2416 1516 2499 quod,
1564 2435 1720 2479 eum
1782 2416 2110 2481 vixerunt
2171 2416 2238 2478 in
2299 2435 2610 2495 corpore,
2653 2437 2788 2479 non

541 2511 959 2575 crediderint
998 2510 1213 2575 talem
1261 2512 1475 2576 vitam
1524 2520 1681 2593 post
1728 2520 2047 2585 mortem,
2095 2521 2168 2574 et
2229 2511 2560 2593 imprimis
2607 2512 2790 2593 quod

540 2606 724 2672 intra
760 2607 1127 2671 ecclesiam
1164 2625 1381 2688 paene
1421 2625 1683 2671 omnes.
1775 2604 1885 2668 Illi
1921 2606 2036 2688 qui
2075 2624 2212 2669 non
2247 2605 2682 2670 crediderunt
2721 2607 2787 2669 in

542 2703 799 2766 mundo
836 2702 1138 2785 aliquam
1184 2703 1395 2784 vitam
1440 2703 1710 2764 animae
1771 2710 1930 2781 post
1985 2701 2203 2765 vitam
2263 2702 2594 2780 corporiS,
2635 2719 2788 2770 cum

540 2799 1102 2862 animadvertunt
1132 2817 1207 2860 se
1239 2798 1489 2871 vivere,
1515 2796 1720 2859 valde
1754 2793 2106 2878 pudefiunt
2139 2815 2154 2856 ε
2204 2795 2326 2859 sed
2355 2794 2453 2858 illi
2485 2797 2598 2877 qui
2621 2815 2785 2858 con·

540 2892 982 2956 firmaverunt
1017 2913 1091 2954 se
1122 2892 1191 2956 in
1230 2913 1335 2966 eo,
1370 2890 1852 2956 consociantur
1883 2889 2238 2964 similibuS,
2273 2900 2345 2952 et
2383 2900 2788 2971 separantur

538 2989 628 3052 ab
664 2988 801 3051 illis
837 2990 951 3071 qui
1006 2989 1073 3051 in
1120 2987 1254 3050 fide
1292 2987 1604 3064 suerunt3
1666 2985 2114 3066 utplurimum
2151 2983 2523 3066 alligantur
2568 2986 2786 3048 socie-

539 3084 673 3148 tati
712 3085 983 3146 cuidam
1022 3082 1355 3157 infernali,
1394 3083 1551 3164 quia
1594 3079 1772 3143 tales
1808 3082 2022 3144 etiam
2057 3089 2398 3160 negarunt
2440 3079 2784 3152 Divinum,

542 3189 613 3242 et
647 3183 1213 3260 contempserunt
1246 3198 1410 3240 vera
1432 3176 1810 3254 ecclesiae;
1851 3184 2185 3257 quantum
2217 3175 2400 3237 enim
2434 3173 2680 3257 aliquis
2711 3195 2786 3238 se

542 3272 905 3338 confirmat
950 3282 1197 3337 contra
1254 3273 1470 3335 vitam
1532 3291 1695 3335 suae
1755 3271 2024 3332 animae
2077 3279 2460 3344 aeternam,
2513 3278 2788 3332 tantum

542 3389 811 3454 quoque
865 3390 939 3432 se
1000 3366 1359 3432 confirmat
1407 3376 1653 3431 contra
1705 3365 1826 3430 illa
1869 3385 2042 3448 quae
2087 3364 2263 3430 caeli
2320 3373 2394 3428 et
2453 3364 2786 3434 ecclesiae

542 3476 725 3531 sunt.

1480 3822 1839 3910 [xum]

544 4018 773 4102 QUOD
822 4017 1060 4081 Homo
1106 4027 1291 4078 ros‘r
1338 4011 1683 4076 MORTEM
1732 4022 1848 4073 srr
1910 4021 1992 4071 m
2060 4019 2454 4071 PERFECTA
2503 4004 2788 4070 FORMA

1485 4107 1856 4170 HUMANA.

680 4311 873 4384 433·
934 4294 1138 4378 Quod
1176 4294 1397 4359 forma
1434 4289 1712 4375 spiritus
1750 4287 2048 4352 hominis
2086 4288 2175 4351 sit
2215 4286 2434 4350 forma
2464 4283 2785 4357 humana,

542 4415 662 4460 seu
700 4394 883 4477 quod
923 4390 1201 4474 spiritus
1238 4390 1328 4454 sit
1363 4389 1575 4453 homo
1613 4385 1821 4449 etiam
1855 4383 2081 4466 quoad
2120 4382 2428 4455 formam,
2470 4388 2789 4443 constare

544 4500 781 4575 potest
842 4508 934 4552 ex
994 4486 1151 4563 illis,
1191 4505 1367 4568 quae
1426 4485 1491 4546 in
1548 4479 1850 4563 pluribus
1897 4477 2202 4541 articulis
2262 4495 2466 4557 supra
2510 4481 2790 4537 ostensa

546 4596 745 4663 sunt3
808 4581 1137 4664 imprimis
1183 4582 1251 4644 in
1298 4579 1433 4644 illis
1480 4577 1590 4641 ubi
1637 4586 1990 4640 ostensum
2035 4582 2167 4648 est,
2203 4569 2383 4654 quod
2431 4568 2787 4651 unusquis-
