3371 5304
806 639 1029 690 HOMO
1076 639 1260 691 POST
1306 639 1635 691 MORTEM
1682 640 1820 693 EST
1866 640 1948 691 IN
1997 640 2266 691 FORMA
2314 642 2668 693 HUMANA.
2741 642 2869 710 279

617 814 733 896 qui
762 814 831 877 in
858 814 1035 878 veris
1068 822 1229 877 sunt
1254 832 1663 879 concessum
1687 823 1832 897 est..
1885 811 2056 895 Quis
2081 833 2366 899 usquam
2391 811 2866 880 intellecturus

618 918 809 973 esset
841 908 1149 973 Verbum
1192 930 1287 973 ex
1332 930 1539 973 sensu
1584 910 1726 991 ejus
1775 909 2070 985 litterae,
2113 911 2238 973 nisi
2285 911 2521 975 videat
2568 931 2732 975 vera
2775 912 2868 975 ibi

620 1024 713 1069 ex
770 1005 1095 1069 rationali
1140 1005 1544 1070 illustrato?
1632 1005 1841 1069 Unde
1891 1005 2149 1088 alioqui
2215 1015 2328 1070 tot
2393 1005 2714 1070 haereses
2773 1027 2866 1071 ex

616 1100 867 1167 eodem
906 1100 1143 1166 Verbo
1164 1098 1265 1166 Mc)

744 1197 951 1279 456.
1012 1194 1216 1278 Quod
1242 1196 1519 1277 spiritus
1552 1196 1850 1260 hominis
1869 1204 2030 1278 post
2055 1194 2474 1260 solutionem
2507 1217 2548 1259 a
2580 1216 2866 1279 corpore

620 1290 711 1355 sit
743 1290 976 1366 home,
1010 1302 1083 1355 et
1114 1293 1183 1355 in
1220 1292 1425 1356 simili
1451 1291 1692 1366 forma,
1719 1290 1850 1354 hoc
1877 1292 2044 1355 mihi
2076 1310 2197 1373 per
2226 1292 2680 1355 cottidianam
2715 1291 2862 1373 plu·

618 1388 789 1451 rium
848 1405 1185 1452 annorum
1240 1388 1746 1469 experientiam
1809 1386 1880 1449 in
1938 1394 2206 1451 testato
2267 1396 2418 1465 est3
2485 1406 2648 1449 nam
2700 1386 2859 1450 illos

620 1481 869 1545 millies
904 1482 1065 1558 vidi,
1098 1483 1349 1558 audivi,
1390 1493 1462 1547 et
1500 1502 1656 1545 curn
1693 1480 1830 1545 illis
1865 1480 2140 1547 locutus
2175 1502 2350 1557 sum,
2383 1483 2594 1545 etiam
2633 1483 2720 1546 de
2757 1502 2863 1555 eo,

618 1578 803 1659 quod
842 1577 1155 1641 homines
1207 1578 1277 1639 in
1324 1577 1580 1641 mundo
1612 1596 1754 1641 non
1791 1577 1972 1641 tales
2017 1598 2169 1643 esse
2207 1578 2520 1651 credant,
2560 1585 2634 1640 et
2680 1577 2866 1659 quod

619 1670 717 1736 illi
765 1673 879 1755 qui
917 1672 1205 1737 credunt
1247 1672 1338 1735 ab
1373 1672 1655 1737 eruditis
1692 1681 2098 1755 reputentur
2132 1680 2208 1737 ut
2250 1673 2620 1754 simplices.
2710 1669 2864 1753 Spi-

618 1768 789 1833 ritus
827 1768 1195 1832 doluerunt
1233 1766 1463 1842 corde,
1499 1768 1681 1850 quod
1720 1767 1884 1831 talis
1913 1767 2307 1849 ignorantia
2338 1767 2560 1830 adhuc
2600 1774 2865 1849 perstet

617 1864 687 1927 in
725 1864 914 1938 orbe,
947 1874 1019 1927 et
1056 1864 1360 1927 maxime
1396 1864 1579 1925 intra
1616 1862 2024 1941 ecclesiam3
2067 1863 2192 1927 sed
2229 1862 2400 1926 haec
2433 1861 2640 1925 fidem
2678 1862 2863 1925 dice-

618 1958 793 2022 bant
846 1958 1279 2023 emanavisse
1332 1958 1661 2041 imprimis
1719 1958 1809 2021 ab
1867 1957 2174 2032 eruditiS,
2236 1958 2351 2039 qui
2404 1978 2497 2020 ex
2563 1956 2864 2019 sensuali

613 2072 951 2134 corporeo
983 2054 1467 2134 cogitaverunt
1502 2052 1595 2115 de
1622 2052 1874 2127 anima,
1909 2073 2002 2115 ex
2039 2072 2176 2135 quo
2215 2052 2301 2116 de
2337 2052 2457 2115 illa
2489 2071 2628 2115 non
2661 2050 2862 2115 aliam

619 2149 845 2212 ideam
876 2157 1225 2230 ceperunt,
1260 2166 1465 2230 quam
1494 2148 1673 2210 sicut
1707 2148 1794 2210 de
1832 2148 2260 2228 cogitatione
2297 2146 2468 2222 sola,
2503 2166 2678 2229 quae
2710 2164 2864 2209 cum

618 2246 880 2327 absque
926 2245 1159 2327 aliquo
1202 2241 1507 2325 subje6to
1552 2243 1621 2306 in
1683 2262 1820 2325 quo
1873 2252 1946 2305 et
2004 2263 2096 2306 ex
2157 2262 2293 2325 quo
2338 2239 2716 2324 spectatur,
2755 2252 2864 2305 est

618 2341 797 2405 sicut
834 2340 1184 2422 quoddam
1218 2337 1505 2403 volatile
1551 2339 1697 2419 puri
1735 2336 2059 2412 aetheriS,
2093 2338 2299 2420 quod,
2333 2338 2674 2401 moriente
2711 2356 2862 2400 cor·

618 2454 807 2517 pore,
834 2454 971 2497 non
991 2444 1227 2517 potest
1260 2454 1399 2497 non
1433 2433 1746 2514 dissipari
1777 2452 1793 2493 ι
1843 2432 1966 2496 sed
1998 2433 2154 2515 quia
2178 2432 2473 2496 ecclesia
2507 2452 2601 2495 ex
2628 2430 2865 2495 Verbo

618 2532 885 2595 animae
922 2528 1517 2594 immortalitatem
1554 2528 1796 2601 credit,
1831 2546 1972 2590 non
2009 2536 2381 2607 potuerunt
2419 2526 2622 2591 aliter
2658 2544 2864 2608 quam

618 2625 897 2710 aliquod
928 2625 1163 2700 vitale,
1204 2624 1405 2708 quale
1443 2633 1550 2689 est
1590 2623 2061 2704 cogitationiS,
2103 2623 2164 2686 ei
2200 2622 2542 2698 addicere,
2583 2622 2706 2686 sed
2752 2641 2862 2685 us·

619 2742 749 2805 que
796 2741 935 2785 non
972 2721 1395 2797 sensitivum,
1430 2719 1630 2802 quale
1669 2718 1950 2794 homini,
1985 2718 2370 2801 priusquam
2411 2718 2656 2782 iterum
2695 2737 2862 2782 con-

612 2815 847 2900 juncta
872 2826 1059 2880 esset
1090 2817 1378 2898 corpori.
1468 2813 1683 2896 Super
1708 2812 1838 2877 hac
1861 2814 2182 2895 opinione
2205 2813 2529 2877 fundatur
2552 2809 2865 2876 doctrina

619 2913 707 2976 de
738 2908 1257 2984 resurrectione,
1282 2929 1363 2973 ac
1389 2907 1558 2973 fides
1582 2909 1767 2991 quod
1793 2905 2181 2989 conjunctio
2205 2907 2429 2971 futura
2453 2909 2563 2982 sit,
2588 2909 2864 2991 quando

620 3008 935 3072 ultimum
966 3005 1294 3088 judicium
1340 3004 1573 3084 venit;
1632 3003 1790 3067 inde
1830 3011 1961 3078 est,
2002 3021 2155 3065 cum
2202 3001 2446 3085 aliquis
2503 3003 2590 3066 de
2636 3003 2863 3067 anima

620 3123 715 3166 ex
757 3099 1073 3166 doctrina
1117 3110 1190 3164 et
1236 3099 1435 3162 simul
1482 3120 1572 3162 ex
1617 3097 1994 3180 hypothesi
2031 3098 2325 3180 cogitat,
2367 3097 2548 3180 quod
2587 3117 2862 3182 prorsus

624 3211 759 3258 non
806 3195 1033 3276 capiat
1078 3194 1259 3275 quod
1306 3193 1425 3257 illa
1468 3195 1558 3258 sit
1606 3195 1907 3277 spirituS,
1948 3202 2018 3257 et
2063 3193 2120 3256 is
2175 3195 2244 3256 in
2289 3192 2506 3257 forma
2543 3193 2860 3257 humana.

618 3287 943 3362 Accedit,
976 3289 1163 3370 quod
1207 3290 1326 3352 vix
1372 3289 1615 3372 aliquis
1651 3288 1857 3352 hodie
1904 3289 2080 3353 sciat
2113 3289 2278 3372 quid
2324 3288 2682 3371 spirituale
2727 3297 2859 3360 est,

620 3393 693 3448 et
730 3384 953 3447 minus
986 3384 1171 3467 quod
1203 3384 1429 3466 aliqua
1458 3384 1679 3447 forma
1709 3383 2009 3447 humana
2040 3383 2128 3446 sit
2162 3382 2298 3446 illis
2330 3385 2442 3466 qui
2475 3383 2863 3464 spirituales

620 3488 803 3555 sunt,
835 3479 1072 3563 quales
1104 3487 1263 3543 sunt
1291 3499 1533 3543 omnes
1566 3480 1838 3560 spiritus
1871 3488 1942 3544 et
1973 3477 2227 3560 angeli.
2319 3477 2490 3542 Inde
2523 3488 2652 3554 est,
2680 3478 2864 3562 quod

619 3574 758 3639 sere
795 3594 1035 3639 omnes
1072 3575 1183 3659 qui
1219 3595 1258 3638 e
1296 3575 1550 3637 mundo
1588 3575 1895 3650 veniunt,
1932 3574 2263 3637 mirentur
2295 3593 2496 3657 quam
2537 3574 2859 3644 maxime,

1400 3813 1497 3864 [(ικ
1524 3822 1718 3853 autenm
1741 3811 2085 3865 Μυκη

731 3926 829 3996 (g)
882 3923 1061 4008 Quod
1086 3941 1123 3979 a
1145 3924 1300 3979 veris
1324 3923 1633 3979 doctrinae
1658 3925 1964 3986 ecclesiae,
1991 3939 2145 3995 quae
2168 3939 2244 3979 ex
2268 3923 2488 3984 Verbo,
2515 3922 2860 3978 ducendum

620 3996 701 4052 sit
732 3995 1109 4066 principium,
1134 4004 1198 4050 et
1234 3994 1337 4050 illa
1375 3995 1635 4066 primum
1664 3995 2065 4065 agnoscenda.
2090 4005 2154 4050 et
2181 3995 2346 4065 quod
2377 3994 2519 4049 dein
2549 3994 2864 4050 consulere

620 4067 799 4122 liceat
822 4065 1155 4122 scientifica
1184 4068 1267 4134 (n.
1290 4065 1474 4134 6047).

731 4136 825 4193 Ita
848 4137 1009 4207 quod
1042 4136 1221 4192 liceat
1250 4137 1366 4192 illis
1391 4136 1493 4208 qui
1522 4137 1582 4191 in
1607 4135 1964 4192 affirmativo
1987 4145 2129 4191 sunt
2153 4134 2230 4191 de
2253 4135 2411 4189 veris
2437 4134 2595 4198 fidei,
2625 4150 2732 4204 per
2747 4135 2863 4189 sci-

620 4208 863 4264 entifica
892 4208 1266 4263 rationaliter
1292 4207 1650 4264 confirmare
1682 4207 1798 4270 illa,
1824 4223 1946 4262 non
1977 4217 2181 4262 autem
2214 4206 2332 4261 illis
2361 4206 2464 4277 qui
2497 4207 2558 4260 in
2585 4205 2865 4277 negativo

620 4289 761 4336 sunt
790 4281 870 4348 (n.
898 4278 1055 4348 2568,
1084 4279 1239 4347 2588,
1267 4279 1423 4346 4760,
1451 4279 1636 4345 6047).

724 4349 908 4434 Quod
933 4351 1265 4406 secundum
1295 4348 1578 4404 Divinum
1604 4347 1880 4404 ordinem
1905 4345 1984 4404 slt
2007 4364 2044 4402 a
2066 4346 2226 4420 veris
2249 4345 2655 4417 spiritualibus
2681 4346 2863 4402 ratio·

620 4422 839 4476 naliter
862 4421 1085 4475 intrare
1112 4421 1171 4474 in
1198 4420 1543 4482 scientifica,
1571 4435 1725 4490 quae
1753 4429 1896 4474 sunt
1917 4435 2062 4474 vera
2091 4417 2400 4481 naturalia.
2425 4428 2490 4474 et
2513 4433 2637 4473 non
2662 4418 2738 4472 ab
2769 4417 2864 4472 his

620 4491 697 4545 ad
719 4492 833 4554 illa.
850 4491 991 4562 quia
1009 4491 1189 4545 datur
1207 4491 1465 4546 influxus
1484 4490 1812 4561 spiritualis
1831 4490 1892 4544 in
1913 4490 2222 4552 naturalia,
2237 4504 2363 4544 non
2381 4499 2584 4544 autem
2606 4487 2864 4543 influxus

623 4562 909 4618 naturalis
932 4577 1041 4617 seu
1076 4562 1357 4688 pli³sicus
1394 4561 1457 4616 in
1486 4562 1820 4632 spiritualia
1852 4563 1935 4630 (n.
1961 4575 2120 4631 3219,
2153 4573 2308 4630 5119,
2337 4571 2492 4631 5259,
2523 4571 2676 4630 5427,
2708 4559 2861 4628 5428.

625 4633 778 4703 5478,
803 4634 963 4703 6322,
987 4647 1051 4702 9¹
1068 4633 1157 4702 10[
1208 4633 1389 4703 9¹09]·
1416 4646 1515 4703 911
1532 4631 1610 4702 1[?
1635 4633 1846 4702 91¹0])·
