3371 5304
563 625 598 690 3
605 622 685 690 52
1197 620 1300 672 m:
1343 619 1596 672 clu-:Lo
1644 621 1740 672 ετ
1788 619 2130 672 mmmm

555 807 834 854 sensum
872 788 1298 870 spiritualem
1333 789 1400 852 in
1435 809 1510 852 se
1545 789 1882 853 recondat
1922 788 2299 853 secundum
2338 809 2539 872 quem
2578 789 2803 874 expli-

553 885 777 948 canda
823 895 982 948 sunt
1029 883 1170 960 illa,
1218 905 1392 966 quae
1439 884 1506 947 in
1566 904 1773 947 sensu
1819 885 2094 949 litterae
2141 884 2671 949 accommodate
2717 887 2803 950 ad

555 991 837 1062 captum
883 980 1200 1055 hominiS,
1249 989 1322 1042 et
1369 980 1751 1044 secundnm
1794 978 1936 1062 ejus
1981 981 2237 1062 primas
2283 990 2356 1044 et
2404 1000 2805 1045 communes

554 1077 768 1152 ideaS,
809 1073 995 1139 dicta
1031 1084 1212 1138 sunt.

678 1169 886 1252 546.
947 1169 1086 1252 Qui
1131 1171 1200 1237 in
1243 1169 1714 1235 illustratione
1760 1179 1945 1246 sunt,
1984 1169 2271 1236 ulterius
2316 1169 2577 1246 vident.
2614 1170 2802 1255 quod

553 1265 811 1328 bonum
850 1275 922 1329 et
971 1264 1225 1339 malum
1261 1266 1400 1328 sint
1431 1267 1574 1330 duo
1605 1266 1955 1347 opposita,
1994 1275 2067 1332 et
2110 1266 2297 1348 quod
2345 1268 2439 1329 ita
2486 1269 2803 1349 opposita

551 1360 692 1422 sint
731 1359 908 1422 sicut
947 1358 1217 1422 caelum
1255 1369 1327 1422 et
1366 1358 1723 1434 infernum,
1766 1368 1837 1422 et
1876 1359 2059 1442 quod
2098 1380 2305 1422 omne
2344 1361 2599 1422 bonum
2636 1361 2727 1423 sit
2764 1383 2801 1423 e

547 1454 774 1529 caelo,
799 1465 873 1518 et
907 1471 1112 1520 omne
1139 1454 1394 1518 malum
1420 1454 1510 1516 ab
1533 1455 1797 1520 inferno
1824 1476 1841 1533 ;
1875 1464 1953 1518 et
1986 1456 2147 1537 quia
2172 1456 2499 1518 Divinum
2524 1454 2801 1520 Domini

547 1549 716 1614 facit
775 1549 1046 1614 caelum
1093 1549 1192 1630 (n.
1251 1547 1474 1631 7—12),
1516 1549 1700 1630 quod
1760 1569 1803 1614 a
1861 1549 2164 1614 Domino
2210 1570 2350 1613 non
2402 1549 2535 1612 nisi
2594 1569 2801 1633 quam

548 1646 806 1710 bonum
840 1645 1077 1709 influat
1109 1645 1288 1727 apud
1329 1644 1703 1733 hominem,
1738 1655 1811 1708 et
1850 1645 2033 1727 quod
2070 1645 2159 1708 ab
2194 1645 2459 1709 inferno
2496 1664 2633 1707 non
2672 1645 2802 1708 nisi

550 1761 758 1824 quam
805 1739 1102 1818 malum;
1165 1749 1239 1802 et
1299 1738 1481 1820 quod
1517 1741 1616 1802 sic
1675 1739 2019 1804 Dominus
2076 1739 2427 1804 hominem
2472 1740 2799 1802 continue

551 1836 854 1900 abducat
913 1855 954 1898 a
1009 1833 1216 1908 male,
1257 1842 1330 1896 et
1387 1833 1596 1898 ducat
1645 1835 1735 1896 ad
1783 1835 2061 1909 bonum,
2100 1845 2173 1898 et
2226 1835 2412 1916 quod
2466 1833 2799 1898 infernum

547 1931 898 1996 hominem
937 1930 1264 1993 continue
1303 1928 1585 1992 inducat
1645 1931 1713 1991 in
1770 1930 2042 1994 malum.
2134 1929 2283 1994 Nisi
2349 1931 2559 1994 homo
2615 1929 2799 1992 inter

550 2039 910 2108 utrumque
950 2035 1161 2100 esset,
1205 2043 1342 2086 non
1391 2024 1568 2087 foret
1615 2025 1676 2086 ei
1722 2024 1952 2106 aliqua
1996 2026 2355 2105 cogitatio,
2398 2045 2523 2088 nec
2570 2025 2799 2107 aliqua

548 2121 896 2194 voluntas,
955 2121 1178 2182 minus
1237 2119 1299 2182 ei
1365 2117 1648 2200 aliquod
1707 2119 2019 2192 liberum,
2082 2131 2153 2183 et
2220 2119 2449 2202 aliqua
2505 2117 2795 2194 electio3

548 2216 778 2280 omnia
817 2211 1000 2278 enim
1039 2214 1210 2278 haec
1251 2221 1412 2276 sunt
1449 2212 1713 2276 homini
1750 2235 1843 2276 ex
1878 2213 2283 2296 aequilibrio
2320 2216 2503 2278 inter
2540 2215 2795 2278 bonum

547 2319 620 2374 et
659 2309 953 2372 malurn:
1004 2318 1424 2391 quapropter
1467 2307 1525 2369 si
1565 2307 1901 2372 Dominus
1940 2319 2285 2371 averteret
2324 2307 2435 2384 Se,
2476 2320 2549 2373 et
2587 2308 2796 2372 homo

547 2404 678 2468 soli
719 2404 904 2468 malo
941 2400 1219 2468 relictus
1255 2402 1451 2478 foret,
1484 2422 1628 2466 vnon
1665 2402 1959 2486 amplius
1996 2403 2207 2468 homo
2240 2413 2447 2468 esset.
2538 2403 2653 2466 Ex
2689 2402 2797 2466 his

547 2509 764 2582 patet,
807 2499 990 2583 quod
1052 2498 1391 2560 Dominus
1436 2515 1590 2560 cum
1636 2497 1826 2559 bono
1880 2498 2117 2562 influat
2176 2499 2357 2578 apud
2418 2498 2791 2572 hominem,

545 2616 762 2679 aeque
795 2595 976 2677 apud
1017 2594 1270 2657 malum
1310 2611 1389 2656 ac
1429 2592 1610 2674 apud
1660 2592 1960 2671 bonurn;
2016 2594 2139 2657 sed
2186 2613 2340 2657 cum
2379 2593 2790 2667 differentia,

545 2692 728 2773 quod
767 2690 1116 2755 hominem
1151 2686 1405 2750 malum
1443 2688 1774 2751 continue
1806 2687 2108 2752 abducat
2158 2710 2199 2751 a
2246 2688 2454 2763 maIO,
2488 2698 2561 2753 et
2606 2688 2791 2771 quod

543 2787 894 2849 hominem
931 2785 1182 2847 bonum
1210 2784 1536 2847 continue
1561 2782 1769 2846 ducat
1801 2784 1890 2847 ad
1925 2784 2177 2847 bonum
2214 2805 2229 2861 ;
2274 2795 2347 2847 et
2380 2784 2560 2865 quod
2588 2803 2792 2846 causa

546 2880 710 2945 talis
747 2878 1174 2943 differentiae
1213 2879 1303 2941 sit
1339 2877 1522 2959 apud
1562 2876 1937 2950 hominem.
1976 2878 2134 2959 quia
2172 2888 2279 2941 est
2316 2878 2675 2959 recipienS.

667 2989 866 3057 547.
927 2973 1040 3035 Ex
1073 2972 1178 3035 his
1209 2983 1531 3036 constare
1563 2982 1823 3053 potest,
1852 2972 2034 3055 quod
2066 2972 2277 3035 homo
2302 2972 2559 3035 malum
2586 2971 2789 3035 saciat

543 3090 634 3133 ex
683 3068 965 3143 insern0,
1005 3078 1078 3132 et
1125 3068 1308 3149 quod
1354 3068 1608 3131 bonum
1653 3066 1861 3131 saciat
1910 3089 1999 3131 ex
2046 3066 2397 3131 Domino:
2466 3068 2587 3131 sed
2634 3068 2789 3151 quia

541 3165 752 3228 homo
799 3164 1017 3227 credit
1065 3164 1248 3245 quod
1291 3163 1612 3245 quicquid
1661 3162 1822 3227 facit
1870 3184 1960 3226 ex
2007 3183 2081 3226 se
2126 3163 2357 3237 saciat,
2406 3162 2589 3245 quod
2634 3162 2789 3225 ideo

544 3259 822 3334 malum,
863 3258 1047 3342 quod
1109 3258 1295 3335 facit,
1336 3258 1399 3322 ei
1459 3258 1839 3323 adhaereat
1896 3259 2072 3323 sicut
2133 3278 2367 3335 suum;
2437 3258 2597 3321 inde
2654 3268 2784 3335 est,

541 3355 723 3438 quod
762 3353 973 3417 homo
1009 3355 1098 3418 sit
1147 3354 1214 3415 in
1251 3374 1457 3418 causa
1497 3356 1598 3417 sui
1645 3354 1831 3429 mali,
1871 3374 1951 3419 ac
2000 3353 2393 3418 nullatenus
2432 3352 2787 3417 DominuS.

542 3450 804 3513 Malum
843 3449 1023 3530 apud
1061 3449 1412 3512 hominem
1451 3459 1559 3513 est
1595 3446 1931 3512 infernum
1968 3448 2152 3532 apud
2191 3468 2387 3527 eum;
2436 3468 2595 3511 narn
2644 3449 2786 3513 sive

539 3546 731 3609 dicas
780 3545 1035 3609 malum
1083 3545 1226 3607 sive
1273 3544 1629 3619 infernum,
1679 3543 1861 3607 idem
1910 3554 2040 3609 est.
2132 3542 2331 3607 Nunc
2378 3544 2532 3627 quia
2578 3543 2787 3607 homo

539 3651 647 3703 est
706 3642 772 3704 in
835 3660 1040 3703 causa
1098 3641 1199 3701 sui
1253 3638 1437 3713 mali,
1487 3640 1644 3703 ideo
1696 3640 1907 3703 etiam
1958 3637 2073 3701 ille
2128 3648 2351 3700 semet
2400 3638 2665 3701 inducit
2718 3640 2785 3701 in

539 3735 896 3811 infernum,
932 3745 1004 3798 et
1044 3755 1178 3798 non
1215 3732 1553 3797 Dominus
1587 3755 1602 3812 ;
1651 3745 1726 3799 et
1769 3743 2045 3797 tantum
2080 3733 2277 3796 abest
2316 3733 2496 3815 quod
2547 3733 2784 3797 Domi-

541 3850 666 3893 nus
700 3830 982 3894 inducat
1015 3829 1364 3893 hominem
1415 3828 1482 3891 in
1515 3827 1875 3901 infernum,
1912 3838 1987 3891 ut
2033 3828 2276 3891 liberet
2311 3827 2659 3891 hominem
2698 3829 2786 3891 ab

537 3926 822 4001 infern0‚
851 3936 1184 4009 quantum
1216 3926 1426 3989 homo
1460 3944 1598 3988 non
1631 3924 1779 3987 vult
1813 3934 1885 3988 et
1918 3934 2107 3987 amat
2141 3925 2207 3987 in
2240 3944 2363 3987 suo
2396 3923 2579 3987 malo
2610 3944 2784 3989 esse.

539 4020 764 4084 Omne
790 4022 1174 4085 voluntatis
1205 4031 1276 4084 et
1313 4022 1562 4085 amoris
1593 4020 1889 4084 hominis
1914 4029 2151 4083 manet
2184 4019 2365 4099 apud
2396 4018 2591 4083 illum
2625 4028 2785 4100 post

539 4126 834 4179 mortem
873 4115 967 4197 (n.
1006 4114 1377 4198 470-484);
1424 4117 1539 4197 qui
1577 4115 1833 4177 malum
1874 4113 2025 4177 vult
2064 4123 2133 4176 et
2172 4124 2359 4177 amat
2396 4114 2465 4176 in
2504 4114 2781 4187 munde.

535 4212 590 4273 is
630 4212 810 4275 idem
846 4210 1102 4275 malum
1135 4211 1282 4275 vult
1317 4221 1390 4275 et
1421 4220 1612 4273 amat
1645 4210 1711 4272 in
1751 4208 1973 4273 altera
2004 4210 2171 4285 vita,
2206 4208 2293 4271 ab
2331 4229 2415 4271 eo
2449 4220 2610 4273 tunc
2644 4226 2783 4271 non

536 4307 829 4389 amplius
884 4326 958 4371 se
1020 4306 1266 4371 abduci
1312 4308 1614 4389 patitur:
1683 4304 1843 4369 inde
1882 4314 2013 4381 est,
2052 4304 2237 4386 quod
2284 4303 2494 4367 homo
2540 4304 2655 4387 qui
2712 4303 2783 4365 in

538 4402 722 4465 malo
761 4410 892 4479 est,
927 4401 1257 4483 alligatus
1297 4402 1386 4465 sit
1421 4400 1709 4477 inferno,
1744 4407 1816 4463 et
1856 4419 2123 4483 quoque
2156 4394 2519 4463 actualiter
2555 4398 2783 4482 quoad

537 4498 849 4578 spiritum
899 4516 1090 4559 suum
1141 4496 1231 4559 ibi
1280 4498 1392 4571 sit,
1433 4515 1512 4559 ac
1563 4504 1724 4577 post
1773 4503 2066 4559 mortem
2108 4494 2273 4559 nihil
2330 4492 2481 4575 plus
2526 4492 2781 4575 cupiat.

537 4610 740 4673 quam
787 4593 880 4656 ibi
939 4612 1092 4655 esse
1137 4593 1247 4655 ubi
1295 4612 1488 4655 suum
1539 4590 1835 4655 malum:
1904 4599 2323 4673 quapropter
2366 4588 2576 4653 homo
2621 4596 2783 4671 post
