3371 5304
627 647 756 734 '374
1269 661 1372 712 DE
1415 659 1670 713 cAssLo
1716 661 1815 712 m·
1862 661 2227 714 mimimo.

624 839 965 899 vocantur
1009 829 1234 914 genii;
1293 851 1376 896 ac
1420 831 1516 896 ibi
1558 851 1795 898 eorum
1837 831 2208 914 jucundum
2254 842 2364 897 est
2408 852 2483 897 se
2526 833 2879 918 inconspi-

626 947 792 994 euos
831 927 1140 1002 reddere,
1182 947 1261 990 ac
1308 929 1562 992 circum
1595 927 1769 991 alios
1802 929 1981 993 sicut
2020 929 2254 992 larvae
2290 928 2605 1006 volitare,
2644 949 2725 994 ac
2772 933 2878 993 in-

623 1025 798 1089 ferre
824 1023 1008 1086 mala
1033 1023 1101 1086 in
1126 1023 1557 1099 abscondito,
1581 1043 1756 1106 quae
1781 1025 2378 1107 circumspargunt
2400 1025 2577 1089 sicut
2604 1027 2877 1108 viperae

625 1137 932 1184 venena:
981 1118 1078 1181 illi
1114 1137 1276 1201 prae
1314 1118 1564 1182 ceteris
1593 1119 1739 1182 dire
1775 1120 2189 1183 cruciantur.
2278 1119 2385 1184 At
2420 1122 2533 1204 qui
2572 1139 2711 1184 non
2748 1121 2875 1184 do·

625 1213 778 1290 losi,
837 1223 909 1278 et
969 1215 1243 1278 astutiis
1298 1213 1620 1295 malignis
1680 1215 1972 1279 inescati
2028 1215 2447 1291 fuerunt,·et
2506 1225 2745 1280 tamen
2802 1219 2873 1280 in

625 1309 826 1374 malis
858 1331 948 1373 ex
982 1329 1216 1372 amore
1247 1310 1368 1384 sui,
1403 1309 1616 1373 etiam
1648 1310 1717 1372 in
1751 1309 2027 1374 infernis
2057 1329 2099 1374 a
2130 1321 2331 1394 tergo
2362 1321 2543 1386 sunt,
2578 1313 2701 1376 sed
2732 1331 2875 1376 non

623 1407 694 1472 in
723 1417 867 1470 tarn
902 1404 1268 1487 profundis.
1360 1403 1470 1467 Illi
1496 1413 1732 1469 autern
1766 1406 1877 1487 qui
1913 1407 1983 1468 in
2016 1405 2216 1469 malis
2248 1425 2340 1469 ex
2374 1425 2610 1470 amore
2637 1407 2873 1471 mundi

621 1503 916 1576 suerunt,
955 1509 1116 1564 sunt
1161 1500 1230 1563 in
1276 1499 1554 1563 infernis
1593 1509 2007 1575 antrorsum,
2046 1510 2122 1564 et
2168 1511 2506 1566 vocantur
2550 1503 2869 1585 spiritus:

621 1597 694 1662 hi
739 1615 878 1659 non
916 1595 1085 1659 talia
1125 1593 1308 1657 mala
1339 1604 1518 1670 sunt,
1557 1595 1692 1658 hoc
1726 1604 1859 1672 est,
1900 1615 2039 1659 non
2076 1596 2248 1659 talia
2282 1597 2443 1660 odia
2486 1606 2559 1661 et
2605 1598 2870 1662 vindic·

624 1703 764 1768 tae,
791 1691 971 1754 sicut
1010 1691 1121 1772 qui
1158 1691 1227 1752 in
1259 1689 1459 1754 malis
1497 1711 1589 1754 ex
1627 1709 1863 1754 amore
1894 1693 2018 1767 sui,
2053 1691 2341 1774 proinde
2372 1711 2499 1755 nec
2536 1691 2673 1756 illis
2710 1691 2871 1756 talis

623 1785 892 1852 malitia
919 1795 990 1850 et
1019 1786 1279 1850 astutia
1301 1805 1319 1863 ς
1365 1805 1574 1869 quare
1599 1787 1814 1850 etiam
1840 1805 2075 1850 eorum
2102 1785 2365 1850 inferna
2390 1795 2551 1850 sunt
2576 1789 2869 1852 mitiora.

747 1892 948 1963 579·
1009 1881 1268 1944 Datum
1300 1889 1406 1943 est
1442 1900 1565 1963 per
1599 1881 2104 1963 experientiam
2144 1901 2350 1945 nosse
2387 1882 2569 1965 quali
2606 1883 2871 1947 malitia

622 1989 784 2042 sunt
831 1976 930 2040 illi
977 1976 1088 2057 qui
1125 1976 1309 2057 genii
1346 1985 1709 2039 vocantur.
1800 1975 1999 2040 Genii
2038 1996 2179 2040 non
2224 1987 2594 2059 operantur
2637 1996 2717 2042 ac
2761 1978 2867 2042 in·

620 2073 838 2137 fluunt
885 2073 952 2134 in
1000 2072 1490 2152 cogitationeS,
1531 2071 1654 2134 sed
1702 2071 1769 2134 in
1816 2069 2255 2136 affectiones:
2310 2073 2437 2136 has
2480 2073 2867 2155 appereipi·

623 2179 770 2244 unt,
819 2176 891 2231 et
951 2165 1247 2230 odorant
1293 2165 1474 2230 sicut
1533 2186 1743 2230 canes
1803 2167 1881 2230 in
1934 2166 2123 2230 silvis
2183 2166 2405 2245 feras3
2472 2165 2869 2232 affeEtiones

619 2266 862 2338 bonas,
897 2262 1011 2325 ubi
1053 2261 1208 2324 illas
1245 2261 1747 2342 appercipiunt,
1782 2270 2139 2326 momento
2178 2270 2461 2326 vertunt
2506 2263 2575 2326 in
2620 2263 2864 2340 malas,

619 2357 938 2422 ducendo
977 2366 1047 2420 et
1087 2353 1428 2420 flectendo
1464 2355 1618 2420 illas
1652 2357 2055 2421 mirabiliter
2084 2375 2206 2439 per
2234 2357 2533 2438 jucunda
2562 2357 2863 2435 alterius,

619 2464 692 2517 et
729 2451 863 2516 hoc
902 2462 1047 2515 tam
1087 2451 1544 2527 clandestine,
1582 2471 1662 2515 ac
1709 2451 1837 2515 tali
1874 2463 2027 2516 arte
2066 2452 2393 2535 maligna,
2434 2463 2509 2516 ut
2544 2454 2727 2517 alter
2762 2455 2865 2517 ni-

617 2546 715 2611 hil
746 2548 833 2611 de
866 2569 950 2610 eo
981 2548 1232 2611 resciat
1260 2566 1277 2626 3
1325 2547 1643 2611 cavendo
1674 2547 1973 2612 solerter
2004 2568 2093 2612 ne
2126 2548 2381 2631 aliquid
2421 2549 2633 2612 intret
2672 2550 2865 2631 cogi·-

619 2643 983 2719 tationem,
1045 2641 1368 2725 quoniam
1435 2642 1531 2706 sic
1597 2642 2140 2708 manifestantur.
2247 2643 2455 2725 Apud
2514 2642 2865 2708 hominem

616 2739 928 2803 assident
965 2738 1092 2802 sub
1124 2738 1462 2820 occipitio.
1554 2737 1648 2801 Hi
1694 2738 1760 2801 in
1802 2739 2059 2803 mundo
2102 2738 2370 2803 fuerunt
2415 2739 2513 2803 illi
2550 2738 2865 2803 homines

617 2835 731 2918 qui
776 2832 1020 2898 dolose
1066 2843 1520 2918 captaverunt
1566 2833 1856 2897 aliorum
1894 2835 2161 2897 animos
2196 2835 2517 2899 ducendo
2574 2836 2731 2899 illos
2788 2846 2864 2901 et

616 2928 1097 3011 persuadendo
1135 2948 1256 3011 per
1289 2926 1590 3010 jucunda
1619 2926 2055 2993 affee'tionum
2092 2950 2213 2993 seu
2250 2930 2705 3011 cupiditatum
2740 2950 2861 2995 eo-

614 3042 784 3089 rum.
876 3022 1012 3088 Sed
1045 3023 1143 3086 illi
1179 3040 1220 3083 a
1259 3023 1562 3087 Domino
1593 3033 1916 3088 arcentur
1946 3024 2035 3088 ab
2066 3026 2253 3088 omni
2284 3025 2561 3089 homine
2600 3027 2689 3090 de
2724 3045 2861 3108 quo

614 3119 842 3201 aliqua
895 3138 1054 3199 spes
1109 3116 1612 3182 reformationis
1671 3128 1828 3197 est;
1898 3119 2077 3183 tales
2138 3121 2319 3183 enim
2378 3131 2541 3184 sunt
2586 3130 2661 3185 ut
2722 3140 2858 3185 non

615 3214 825 3279 modo
871 3214 1134 3297 possint
1175 3214 1634 3276 conscientias
1667 3213 2046 3290 destruere,
2086 3216 2209 3278 sed
2254 3216 2467 3279 etiam
2506 3216 2686 3297 apud
2730 3214 2859 3281 ho-

613 3311 868 3374 minem
905 3308 1215 3372 excitare
1253 3308 1394 3389 ejus
1433 3308 1614 3371 mala
1651 3308 2086 3384 hereditaria,
2122 3330 2295 3392 quae
2333 3311 2585 3393 alioqui
2614 3329 2859 3375 recon-

614 3406 760 3470 dita
791 3403 1066 3485 jacent:
1116 3424 1324 3485 quare
1361 3424 1450 3466 ne
1484 3403 1699 3467 homo
1735 3404 1801 3466 in
1840 3425 1923 3468 ea
1958 3405 2343 3481 inducatur,
2384 3406 2783 3487 providetur
2816 3426 2861 3471 a

615 3502 919 3567 Domino
951 3510 1026 3564 ut
1072 3499 1243 3563 haec
1282 3498 1543 3562 inferna
1576 3519 1850 3581 prorsus
1884 3499 2163 3563 occlusa
2194 3502 2373 3579 sint;
2422 3510 2493 3564 et
2540 3518 2695 3564 cum
2734 3502 2857 3565 ali-

613 3597 764 3681 quis
809 3595 1021 3658 homo
1067 3603 1225 3674 post
1266 3603 1587 3667 mortem,
1630 3594 1744 3676 qui
1790 3594 1953 3658 talis
1991 3596 2232 3676 genius
2275 3606 2409 3671 est,
2450 3596 2515 3659 in
2562 3595 2855 3660 alteram

609 3692 829 3757 vitam
859 3690 1073 3766 venit,
1107 3688 1165 3753 is
1195 3686 1504 3753 actutum
1543 3689 1610 3751 in
1642 3708 1883 3752 eorum
1915 3689 2249 3753 infernum
2279 3689 2656 3771 conjicitur.
2746 3690 2857 3755 Illi

613 3786 850 3861 etiam,
883 3802 1037 3847 cum
1077 3782 1526 3865 inspiciuntur
1559 3784 1788 3865 quoad
1824 3784 2027 3848 dolos
2062 3793 2134 3848 et
2168 3786 2484 3861 astutiaS,
2518 3796 2855 3868 apparent

611 3880 790 3943 sicut
829 3878 1124 3959 viperae.
1939 3916 1945 3923 -

737 3972 947 4057 580.
1007 3970 1250 4054 Qualis
1296 3971 1563 4036 malitia
1614 3980 1725 4035 est
1782 3969 2131 4052 spiritibus
2173 3968 2637 4045 infernalibus,
2685 3989 2851 4035 con-

611 4078 797 4133 stare
855 4077 1094 4151 potest
1153 4086 1245 4131 ex
1305 4066 1566 4131 artibus
1613 4085 1849 4131 eorum
1894 4063 2253 4144 nefandis;
2322 4086 2497 4149 quae
2554 4064 2851 4129 totidem

610 4174 796 4240 sunt,
837 4172 913 4227 ut
951 4163 1351 4246 impleretur
1386 4162 1557 4225 liber
1593 4161 1726 4225 illis
1764 4161 2267 4235 enumerandis,
2308 4180 2389 4225 ac
2436 4159 2662 4242 plures
2700 4156 2853 4224 libri

609 4260 744 4324 illis
790 4258 1281 4324 describendis.
1371 4254 1546 4321 Sunt
1591 4256 1751 4320 illae
1795 4265 1981 4320 artes
2026 4275 2245 4338 paene
2290 4275 2531 4319 omnes
2568 4254 2853 4337 ignotae

609 4357 676 4420 in
725 4355 1003 4418 mundo.
1102 4352 1320 4417 Unum
1354 4372 1576 4433 genus
1619 4370 1695 4415 se
1752 4350 1959 4415 refert
2002 4351 2089 4415 ad
2151 4350 2404 4414 abusus
2443 4370 2849 4434 correspon-

607 4450 1016 4514 dentiarum.
1105 4446 1440 4521 Alterum,
1473 4445 1562 4509 ad
1598 4445 1849 4509 abusus
1888 4445 2286 4509 ultimorum
2310 4444 2569 4508 ordinis
2598 4444 2849 4509 Divini.

621 4542 936 4619 Tertium,
975 4541 1064 4607 ad
1110 4540 1807 4606 communicationem
1851 4549 1926 4605 et
1972 4539 2301 4604 influxum
2346 4540 2851 4621 cogitationum

609 4650 682 4705 et
727 4636 1185 4711 affectionum,
1227 4655 1348 4719 per
1384 4636 1891 4709 conversiones,
1931 4652 2053 4718 per
2087 4632 2573 4717 inspeffiones,
2612 4646 2683 4699 et
2730 4654 2851 4718 per
