3371 5304
595 639 721 723 356
1245 653 1348 704 m:
1393 651 1644 704 cal-:Lo
1690 653 1787 703 m·
1832 651 2197 703 1NFERNO.

582 825 682 888 ita
729 824 798 888 in
846 824 1191 908 proprium
1238 824 1534 906 spiritus,
1574 844 1695 887 seu
1741 823 1810 887 in
1856 823 2077 906 ipsum
2124 822 2460 906 spiritum.
2545 821 2683 907 (De
2730 823 2835 887 his

583 941 856 1003 quoque
895 920 1207 982 videatur
1253 939 1479 1001 supra,
1521 939 1586 982 n.
1622 916 1803 1002 425.)

715 1029 910 1098 552.
971 1013 1142 1078 Cum
1178 1015 1339 1078 talis
1370 1025 1480 1078 est
1519 1015 1731 1077 homo
1769 1022 1928 1095 post
1967 1022 2283 1088 mortem,
2318 1021 2485 1076 tunc
2518 1033 2655 1076 non
2688 1032 2834 1077 am-

587 1110 765 1193 plius
811 1120 922 1173 est
961 1108 1172 1174 homo
1209 1111 1510 1190 spirituS,
1549 1109 1770 1193 qualis
1809 1119 1917 1172 est
1957 1108 2025 1171 in
2066 1109 2285 1189 primo
2323 1129 2447 1171 suo
2485 1117 2677 1172 statu
2720 1107 2837 1192 (de

587 1225 724 1287 quo
769 1224 994 1285 supra,
1042 1223 1108 1266 n.
1151 1202 1507 1286 491—498),
1557 1204 1678 1267 sed
1724 1211 1834 1266 est
1882 1221 2042 1264 vere
2090 1202 2407 1283 spiritus;
2470 1221 2629 1266 nam
2673 1223 2835 1267 vere

587 1299 866 1382 spiritus
889 1308 996 1363 est
1029 1300 1096 1361 in
1128 1297 1298 1362 facie
1330 1309 1401 1362 et
1434 1318 1719 1381 corpore
1743 1297 2333 1378 correspondente
2360 1297 2495 1360 suis
2522 1295 2834 1374 interniS,

589 1415 764 1476 quae
802 1404 962 1457 sunt
1001 1393 1210 1458 animi
1245 1392 1410 1476 ejus»,
1443 1395 1544 1458 ita
1579 1393 1648 1458 in
1685 1392 1906 1456 forma
1937 1402 2235 1454 externa
2267 1412 2442 1474 quae
2480 1401 2588 1456 est
2627 1401 2836 1475 typus

529 1549 534 1556 .
589 1509 709 1552 seu
742 1487 1007 1570 effigies
1039 1486 1185 1569 ejus
1215 1489 1662 1552 internorum.
1753 1485 1947 1550 Talis
1980 1495 2091 1550 est
2124 1487 2400 1568 spiritus
2433 1496 2593 1568 post
2626 1507 2839 1552 exac-

590 1593 737 1647 tum
772 1583 1062 1665 primum
1098 1593 1171 1648 et
1209 1583 1585 1646 secundum
1618 1591 1901 1657 statum,
1936 1579 2023 1646 de
2060 1581 2305 1664 quibus
2338 1599 2577 1664 supra:
2628 1603 2838 1665 quare

590 1687 780 1752 tunc,
816 1697 968 1740 cum
1007 1675 1362 1758 spectatur
1397 1675 1634 1750 oculiS,
1669 1677 1911 1740 statim
1950 1677 2415 1758 cognoscitur,
2448 1674 2667 1760 qualis
2704 1688 2835 1754 est,

591 1792 732 1836 non
765 1773 974 1835 modo
1009 1793 1100 1836 ex
1138 1771 1310 1836 facie
1344 1773 1465 1836 sed
1500 1774 1713 1835 etiam
1754 1791 1846 1834 ex
1885 1790 2197 1854 corpore,
2232 1791 2311 1834 ac
2352 1781 2710 1853 praeterea
2741 1793 2835 1837 ex

591 1867 868 1950 loquela
891 1877 963 1932 et
1003 1887 1094 1930 ex
1134 1868 1490 1948 gestibus;
1545 1877 1617 1930 et
1650 1866 1808 1948 quia
1840 1875 2004 1930 tunc
2045 1866 2112 1929 in
2151 1886 2226 1928 se
2264 1876 2393 1940 est,
2430 1886 2567 1929 non
2600 1865 2877 1949 potest·

592 1961 756 2025 alibi
823 1981 996 2036 esse,
1057 1981 1260 2044 quam
1321 1963 1433 2026 ubi
1492 1959 1773 2024 similes·
1870 1959 2001 2024 Est
2063 1961 2245 2023 enim
2306 1963 2839 2026 communicatio

593 2053 1031 2120 affectionum
1090 2065 1163 2120 et
1224 2055 1382 2120 inde
1437 2055 1946 2138 cogitationum
1998 2055 2396 2118 omnimoda
2454 2056 2521 2118 in
2580 2057 2841 2120 mundo

594 2150 926 2234 spirituali
957 2171 973 2228 ;
1023 2161 1443 2234 quapropter
1481 2151 1761 2232 spiritus
1798 2149 2010 2215 fertur
2053 2149 2143 2212 ad
2181 2149 2438 2212 similes
2484 2151 2606 2224 sui,
2646 2151 2840 2234 quasi

594 2266 688 2309 ex
725 2265 821 2320 se,
855 2247 1010 2329 quia
1047 2267 1138 2310 ex
1170 2265 1292 2308 sua
1323 2242 1681 2308 affectione
1713 2253 1784 2308 et
1823 2242 1963 2326 ejus
1993 2242 2293 2326 jucundo
2323 2265 2338 2322 ;
2386 2245 2596 2308 immo
2628 2247 2839 2308 etiam

595 2360 669 2404 se
707 2339 865 2404 illuc
906 2341 1291 2417 convertit;
1354 2357 1511 2402 nam
1557 2340 1652 2402 sic
1700 2339 1915 2421 spirat
1953 2357 2147 2402 suam
2185 2338 2422 2414 vitam,
2458 2360 2579 2402 seu
2625 2338 2840 2405 trahit

594 2434 808 2500 libere
846 2455 1038 2499 suam
1077 2434 1398 2510 animam,
1439 2453 1576 2497 non
1637 2443 1870 2497 autem
1932 2452 2084 2496 cum
2144 2435 2486 2498 convertit
2547 2455 2619 2496 se
2677 2434 2837 2498 alio.

596 2527 966 2594 Sciendum
1022 2541 1154 2606 est,
1202 2529 1385 2612 quod
1446 2528 1979 2606 communicatio
2036 2546 2191 2591 cum
2245 2527 2394 2591 aliis
2453 2529 2521 2592 in
2581 2530 2839 2593 mundo

596 2625 931 2707 spirituali
967 2624 1084 2690 fiat
1123 2625 1497 2691 secundum
1537 2622 2058 2687 conversionem
2096 2621 2310 2697 faciei,
2350 2632 2421 2688 et
2459 2624 2639 2706 quod
2679 2632 2839 2689 ante

595 2721 840 2785 faciem
875 2720 1167 2803 cujusvis
1203 2723 1343 2785 sint
1373 2719 1630 2801 jugiter
1668 2718 1786 2792 illi,
1828 2718 1939 2801 qui
1984 2720 2052 2782 in
2098 2718 2301 2781 simili
2339 2738 2569 2782 secum
2607 2739 2839 2783 amore

597 2827 780 2891 sunt,
817 2825 888 2880 et
926 2816 1058 2880 hoc
1099 2814 1164 2878 in
1197 2816 1384 2879 omni
1415 2814 1865 2877 conversione
1898 2813 2200 2895 corporis
2244 2811 2583 2893 (videatur
2612 2834 2837 2897 supra,

599 2931 664 2973 n.
699 2909 866 2993 151).
949 2908 1120 2973 lnde
1145 2919 1274 2982 est,
1297 2909 1478 2991 quod
1503 2928 1746 2972 omnes
1766 2908 2043 2989 spiritus
2066 2906 2430 2971 infernales
2456 2928 2529 2971 se
2550 2928 2835 2972 conver·

599 3015 756 3068 tant
783 3015 968 3068 retro
992 3026 1034 3066 a
1059 3004 1359 3067 Domino
1379 3004 1465 3065 ad
1493 3002 1943 3084 caliginosum
1965 3012 2036 3065 et
2062 3002 2529 3077 tenebrosum,
2551 3023 2722 3084 quae
2747 3002 2838 3065 ibi

599 3109 756 3163 sunt
790 3099 944 3162 loco
969 3098 1132 3163 solis
1165 3107 1236 3162 et
1269 3099 1424 3161 loco
1455 3097 1656 3161 lunae
1689 3098 1945 3173 mundi,
1974 3097 2094 3160 sed
2127 3098 2310 3179 quod
2337 3118 2577 3160 omnes
2608 3096 2838 3178 angeli

603 3194 776 3259 caeli
815 3216 888 3257 se
923 3202 1337 3257 convertant
1368 3192 1454 3255 ad
1489 3190 1862 3256 Dominum
1898 3203 1971 3255 ut
2004 3190 2237 3255 Solem
2270 3191 2443 3255 caeli
2474 3210 2553 3255 ac
2587 3201 2661 3255 ut
2702 3190 2839 3255 Lu·

603 3308 764 3353 nam
803 3288 974 3352 caeli
1019 3286 1364 3369 (videatur
1402 3305 1624 3368 supra,
1667 3306 1731 3350 n.
1773 3302 1910 3366 123,
1960 3302 2099 3365 143,
2146 3302 2285 3366 144,
2326 3285 2497 3369 151).
2586 3286 2698 3349 Ex
2734 3284 2840 3349 his

601 3405 782 3449 nunc
821 3395 1144 3449 constare
1183 3391 1442 3464 potest,
1477 3382 1658 3464 quod
1692 3400 1955 3456 omneS,
1990 3380 2102 3463 qui
2138 3381 2206 3443 in
2243 3380 2521 3445 infernis
2553 3389 2735 3455 sunt,
2769 3382 2838 3444 in

602 3479 798 3544 malis
835 3488 907 3543 et
947 3479 1106 3542 inde
1150 3477 1338 3541 salsis
1371 3478 1509 3541 sint
1540 3498 1558 3555 ;
1603 3486 1676 3541 et
1715 3496 1985 3559 quoque
2016 3475 2203 3559 quod
2239 3476 2552 3539 conversi
2584 3475 2721 3539 sint
2750 3474 2837 3539 ad

603 3595 764 3640 suos
800 3592 1092 3638 amores.

729 3684 931 3753 353·
992 3666 1254 3735 Omnes
1301 3667 1578 3749 spiritus
1646 3664 1712 3730 in
1773 3664 2073 3739 infernis,
2134 3661 2423 3747 inspecti
2486 3664 2555 3727 in
2613 3663 2841 3747 aliqua

605 3766 757 3831 luce
796 3764 993 3840 caeli,
1033 3773 1371 3846 apparent
1418 3761 1484 3825 in
1523 3760 1739 3825 forma
1778 3762 1878 3824 sui
1916 3760 2123 3839 mali;
2183 3769 2290 3823 est
2337 3760 2520 3823 enim
2558 3760 2839 3842 quisque

601 3859 866 3945 effigies
901 3860 1001 3922 sui
1039 3858 1224 3933 mali,
1265 3876 1422 3921 nam
1461 3855 1640 3942 apud
1680 3855 2199 3937 unumquemvis
2238 3854 2562 3918 interiora
2599 3864 2670 3919 et
2716 3874 2839 3917 ex-

603 3954 856 4017 teriora
900 3970 1108 4015 unum
1165 3961 1406 4033 agunt,
1445 3970 1523 4013 ac
1585 3950 1911 4012 interiora
1970 3968 2044 4013 se
2108 3950 2362 4012 sistunt
2416 3948 2708 4011 videnda
2774 3948 2840 4010 in

605 4048 1084 4121 exterioribus,
1124 4066 1297 4130 quae
1336 4054 1495 4108 sunt
1531 4042 1762 4118 facieS,
1803 4062 2070 4125 corpuS,
2111 4041 2406 4125 loquela,
2448 4052 2517 4106 et
2558 4052 2839 4124 gustus;

715 4285 898 4358 Quod
925 4302 1106 4341 omne
1136 4286 1360 4339 malum
1387 4284 1450 4339 in
1475 4300 1540 4339 se
1565 4284 1787 4339 habeat
1812 4282 2046 4344 falsum.
2072 4290 2439 4353 quapropter
2466 4281 2569 4351 qui
2596 4282 2657 4335 in
2684 4279 2844 4335 malo

605 4368 768 4417 nunt.
793 4358 975 4413 etiam
1005 4358 1063 4410 in
1089 4356 1242 4411 falso
1267 4366 1426 4417 sunt.
1447 4354 1689 4411 tametsi
1718 4354 1959 4425 quidam
1988 4353 2049 4407 id
2078 4352 2355 4407 nesciunt
2382 4354 2463 4421 (n.
2486 4364 2641 4421 7377.
2661 4350 2843 4421 8094).

717 4427 893 4499 Quod
922 4428 1024 4497 qui
1052 4427 1108 4480 in
1140 4426 1297 4482 malo
1323 4436 1479 4488 sunt,
1503 4442 1624 4481 non
1651 4424 1882 4497 possint
1904 4424 2017 4479 nisi
2036 4439 2217 4495 quam
2244 4422 2476 4485 falsum,
2493 4422 2637 4477 dum
2662 4438 2734 4477 ex
2761 4433 2843 4481 se.

607 4500 875 4570 cogitare
904 4500 984 4565 (n.
1011 4498 1196 4565 7437)·
1251 4566 1262 4579 ,
2738 4563 2754 4573 ‚

719 4566 898 4639 Quod
918 4583 1143 4628 omnes,
1163 4584 1266 4636 qui
1289 4566 1346 4622 in
1369 4564 1600 4621 inferno
1626 4576 1783 4625 sunt.
1804 4566 2127 4637 loquantur
2145 4563 2293 4619 falsa
2311 4580 2383 4617 ex
2408 4564 2565 4619 malo
2588 4565 2669 4631 (n.
2696 4575 2842 4635 1095.

611 4652 770 4709 733¹·
797 4651 954 4707 7332·
979 4650 1134 4707 7337·
1163 4650 1319 4706 7392.
1345 4636 1538 4706 7698[?
1565 4636 1774 4705 7689])-
