3371 5304
1192 654 1295 707 DE
1340 657 1799 709 max-tusus
1844 654 1928 707 m
1973 654 2246 707 canno.
2716 654 2839 725 199

1490 960 1928 1046 [xxxva]

1168 1144 1287 1211 ΠΒ
1331 1145 1802 1209 INFAN‘i-lsus
1847 1158 1932 1209 m
1977 1144 2264 1211 CAELo.

722 1340 922 1410 329·
982 1326 1431 1411 Quorundam
1488 1327 1659 1393 fides
1705 1338 1835 1406 est,
1875 1331 2059 1413 quod
2114 1330 2322 1394 modo
2367 1328 2663 1393 infantes
2722 1331 2834 1413 qui

596 1426 779 1488 intra
810 1423 1176 1489 ecclesiam
1224 1425 1370 1486 nati
1417 1434 1597 1499 sunt,
1638 1424 1708 1486 in
1755 1424 2024 1489 caelum
2070 1425 2376 1499 veniant,
2415 1443 2556 1487 non
2599 1434 2832 1487 autem

596 1519 709 1603 qui
752 1526 959 1583 extra
1002 1518 1415 1581 ecclesiam:
1470 1537 1751 1582 causam
1787 1519 2046 1594 dicunt,
2086 1518 2270 1601 quod
2315 1516 2614 1581 infantes
2652 1519 2834 1584 intra

594 1612 960 1679 ecclesiam
991 1613 1327 1696 baptizati
1358 1614 1520 1689 sint,
1548 1624 1621 1677 et
1654 1634 1776 1697 per
1804 1614 2224 1695 baptismum
2249 1614 2497 1677 initiati
2527 1616 2594 1678 in
2626 1613 2831 1681 fidem

594 1710 953 1775 ecclesiae.
1044 1706 1179 1773 Sed
1218 1709 1316 1774 illi
1351 1730 1491 1773 non
1530 1712 1779 1786 sciunt,
1819 1710 2004 1795 quod
2043 1710 2212 1773 nulli
2259 1732 2378 1795 per
2412 1712 2830 1796 baptismum

592 1809 683 1873 sit
716 1807 1004 1883 caelum,
1033 1826 1159 1871 nec
1192 1805 1361 1871 fides
1386 1828 1403 1885 ;
1449 1816 1557 1871 est
1596 1808 1775 1870 enirn
1807 1807 2190 1890 baptismus
2222 1808 2428 1871 modo
2459 1809 2528 1873 in
2559 1810 2830 1893 signum

593 1915 665 1969 et
691 1904 1089 1969 memoriale
1114 1904 1296 1987 quod
1323 1902 1531 1966 homo
1556 1904 2066 1985 regenerandus
2090 1906 2201 1979 sit,
2228 1914 2302 1968 et
2333 1906 2516 1987 quod
2537 1925 2828 1987 regene-

592 2000 722 2064 rari
760 1999 981 2082 possit
1026 2000 1139 2081 qui
1185 1999 1366 2062 intra
1402 1996 1766 2061 ecclesiam
1807 2009 2008 2062 natus
2046 2010 2176 2073 est,
2215 2002 2535 2082 quoniam
2581 2001 2674 2064 ibi
2721 2012 2830 2067 est

590 2094 921 2171 Verbum,
964 2095 1075 2158 ubi
1113 2095 1364 2158 Divina
1399 2115 1584 2169 vera,
1624 2115 1746 2177 per
1781 2116 1954 2177 quae
1993 2097 2444 2177 regeneratio,
2485 2103 2556 2159 et
2589 2096 2684 2160 ibi
2719 2108 2828 2161 est

591 2190 931 2255 Dominus
962 2201 1171 2255 notus
1202 2210 1243 2253 a
1278 2212 1413 2273 quo
1445 2187 1995 2271 regeneratio.(w>
2084 2189 2322 2255 Sciant
2353 2192 2607 2274 itaque,
2643 2191 2828 2273 quod

591 2289 1053 2372 unusquisque
1090 2286 1334 2362 insanS,
1374 2286 1756 2369 ubicunque
1794 2295 1997 2349 natus
2034 2296 2166 2362 est,
2207 2288 2348 2349 sive
2385 2288 2568 2350 intra
2603 2285 2828 2351 eccle·

588 2384 760 2447 siam
792 2384 939 2447 sive
970 2392 1174 2447 extra
1205 2381 1415 2458 illam,
1449 2382 1591 2447 sive
1623 2401 1664 2444 a
1702 2382 2100 2462 parentibus
2131 2382 2258 2464 piis
2289 2382 2432 2445 sive
2461 2381 2552 2444 ab
2581 2380 2824 2463 impiiS,

589 2496 743 2543 cum
794 2480 1101 2555 moritur,
1140 2479 1509 2560 recipiatur
1551 2497 1593 2540 a
1639 2475 1968 2553 Domine,
2004 2484 2074 2540 et
2119 2477 2186 2540 in
2232 2477 2429 2540 caelo
2475 2476 2824 2553 educetur,

588 2594 665 2638 ac
701 2575 1076 2640 secundum
1109 2573 1434 2638 Divinum
1458 2572 1770 2636 ordinem
1795 2571 2122 2635 doceatur
2152 2580 2224 2635 et
2259 2572 2602 2636 imbuatur
2623 2570 2826 2635 affec·

587 2670 887 2735 tionibus
918 2671 1103 2746 boni,
1133 2682 1205 2734 et
1236 2691 1356 2752 per
1386 2669 1541 2732 illas
1566 2668 2080 2750 cognitionibus
2105 2669 2288 2746 veri3
2336 2678 2408 2730 et
2440 2668 2622 2743 dein,
2649 2669 2826 2732 sicut

585 2764 933 2848 perficitur
956 2765 1422 2847 intelligentia
1446 2773 1517 2828 et
1544 2765 1908 2846 sapientia,
1936 2763 2416 2827 introducatur
2437 2764 2508 2826 in
2533 2762 2823 2836 caelum,

586 2871 659 2924 et
694 2859 814 2924 fiat
847 2859 1154 2943 angelus.
1246 2859 1730 2941 Unusquisque
1767 2867 2006 2940 potest
2044 2858 2238 2932 scire,
2278 2859 2392 2941 qui
2427 2879 2519 2921 ex
2557 2859 2825 2921 ratione

585 2955 877 3036 cogitat,
913 2955 1095 3039 quod
1136 2955 1362 3018 nullus
1399 2963 1604 3016 natus
1641 2955 1735 3016 sit
1771 2953 1859 3016 ad
1899 2952 2256 3028 infernum,
2296 2954 2419 3016 sed
2458 2972 2700 3016 omnes
2735 2954 2825 3016 ad

584 3049 899 3129 eaelum;
960 3059 1033 3114 et
1078 3049 1262 3133 quod
1307 3050 1455 3131 ipse
1500 3047 1710 3111 homo
1756 3049 1846 3112 sit
1892 3048 1960 3111 in
2009 3048 2230 3130 culpa,
2265 3047 2448 3131 quod
2507 3048 2577 3112 in
2622 3047 2824 3112 inser·

584 3163 747 3208 num
783 3146 1043 3220 veniat,
1078 3153 1152 3208 at
1188 3142 1373 3227 quod
1408 3140 1706 3206 infantes
1741 3142 1810 3205 in
1847 3141 2038 3206 nulla
2067 3142 2290 3205 adhuc
2323 3142 2528 3223 culpa
2552 3144 2823 3225 possint

583 3257 757 3302 esse.

709 3347 915 3416 330.
975 3331 1288 3396 Infantes
1332 3329 1445 3415 qui
1492 3331 1894 3406 moriuntur,
1942 3351 2157 3414 aeque
2203 3331 2503 3396 infantes
2547 3342 2707 3397 sunt
2753 3335 2820 3396 in

582 3427 800 3494 altera
834 3428 981 3491 vita
1010 3449 1027 3505 ;
1076 3426 1317 3490 similis
1352 3425 1489 3488 illis
1526 3423 1859 3489 infantilis
1894 3427 2180 3499 animus,
2221 3427 2460 3490 similis
2491 3426 2820 3491 innocen-

584 3524 683 3587 tia
725 3523 795 3586 in
831 3523 1245 3604 ignorantia,
1285 3529 1357 3584 et
1392 3520 1633 3584 similis
1672 3520 2066 3584 teneritudo
2103 3522 2442 3585 omnium:
2493 3521 2714 3586 solum
2753 3523 2820 3586 in

583 3617 1089 3681 inchoamentis
1122 3624 1299 3680 ‘sunt
1346 3625 1423 3679 ut
1480 3615 1753 3698 possint
1813 3612 1954 3678 fieri
2013 3615 2265 3697 angeli,
2308 3635 2468 3680 narn
2526 3618 2822 3692 infantes

584 3730 721 3776 non
760 3722 920 3774 sunt
966 3709 1195 3792 angeli
1232 3711 1355 3774 sed
1394 3708 1563 3772 fiunt
1601 3708 1852 3790 angeli.
1943 3708 2427 3793 Unusquisque
2463 3714 2668 3786 enim,
2708 3715 2821 3796 qui

582 3827 621 3870 e
654 3807 913 3870 mundo
950 3807 1257 3880 excedit,
1296 3805 1366 3868 in
1412 3804 1615 3868 simili
1654 3813 1846 3868 statu
1884 3823 2047 3869 suae
2091 3805 2280 3870 vitae
2314 3815 2446 3882 est,
2487 3807 2707 3871 infans
2753 3809 2820 3872 in

1348 4021 1450 4074 [(ικ
1474 4031 1671 4064 ΛιεΑιης
1687 4022 2034 4076 cmm„

686 4127 807 4194 (qq)
859 4121 1040 4208 Quod
1076 4122 1421 4192 Baptismus
1457 4121 1758 4193 significet
1789 4123 2298 4193 regenerationem
2335 4141 2373 4179 a
2410 4123 2677 4179 Domino
2713 4141 2823 4196 per

580 4211 723 4252 vera
752 4195 895 4250 fidei
925 4211 1001 4249 ex
1029 4193 1231 4249 Verbo
1264 4196 1346 4261 (n.
1374 4206 1531 4262 4255·
1568 4205 1721 4263 5120,
1753 4191 1946 4262 9089[?
1977 4193 2155 4262 9088],
2194 4209 2378 4264 10239·
2417 4196 2818 4265 10386—10388.

588 4268 867 4409 1039ρῖᾖά
902 4335 1249 4405 Baptismus
1280 4333 1362 4390 sit
1391 4333 1647 4404 signum,
1666 4334 1831 4404 quod
1862 4334 2048 4389 homo
2078 4333 2157 4389 sit
2193 4335 2268 4390 ab
2306 4335 2558 4392 ecclesia
2585 4337 2684 4392 ubi
2716 4353 2818 4409 ag-

582 4409 850 4464 noscitur
876 4407 1173 4463 Dominus
1194 4421 1231 4459 a
1254 4421 1377 4476 quo
1404 4404 1796 4476 regeneratio,
1815 4414 1878 4460 et
1903 4405 2004 4459 ubi
2030 4415 2124 4460 est
2142 4404 2407 4462 Verbum
2433 4424 2508 4462 ex
2531 4423 2656 4480 quo
2675 4425 2818 4464 vera

581 4479 721 4536 fidei
748 4497 853 4550 per
918 4493 1031 4532 uae
1054 4475 1427 4548 regeneratio
1456 4477 1535 4542 (n.
1569 4475 1994 4544 10386-10388).

579 4549 869 4693 quoguod
987 4547 1244 4617 ptismus
1272 4563 1393 4600 non
1432 4545 1537 4601 det
1573 4545 1756 4600 fidem
1793 4561 1904 4600 nec
1939 4547 2214 4608 salutem,
2241 4549 2346 4602 sed
2375 4549 2533 4618 qnod
2559 4558 2818 4606 testetur

768 4617 1084 4692 receptur&
1110 4616 1214 4691 qui
1240 4629 1668 4690 regenerantur
1695 4621 1775 4686 (n.
1809 4619 2016 4684 ¹039¹)·
