3371 5304
539 641 734 710 QUID
765 643 972 695 IGNIS
1002 641 1496 709 INFERNALIS,
1531 644 1626 695 ET
1659 641 1849 709 QUID
1882 639 2217 694 STRIDOR
2249 639 2627 693 DENTIUM.
2664 631 2791 710 369

539 839 686 887 rum
745 818 908 906 quid
967 819 1466 885 condensatum
1519 836 1562 880 a
1618 815 1847 880 sumo:
1916 822 2195 878 aestuat
2252 833 2467 897 usque
2512 813 2787 896 igneum

539 915 710 982 illud
755 918 962 990 intus»,
1001 915 1185 1000 quod
1231 915 1441 979 etiam
1479 919 1978 996 apperceptum
2036 919 2147 974 est
2206 929 2299 976 ex
2359 909 2591 973 calore
2628 909 2789 973 inde

537 1011 895 1085 exhalatO,
921 1011 1036 1094 qui
1063 1009 1252 1074 calor
1283 1019 1392 1072 est
1425 1007 1604 1073 sicut
1641 1027 1735 1072 ex
1768 1006 2151 1070 combustis
2178 1012 2338 1088 post
2372 1004 2787 1078 incendium,

539 1107 788 1174 alicubi
833 1107 1012 1170 sicut
1070 1125 1161 1169 ex
1221 1103 1498 1169 fornace
1559 1100 2055 1176 incalescente,
2104 1110 2179 1164 et
2236 1098 2400 1163 alibi
2464 1099 2645 1164 sicut
2697 1119 2827 1183 ex,

539 1203 766 1271 calido
801 1201 1080 1279 balnei;
1141 1201 1325 1284 quod
1371 1197 1670 1263 calidum
1718 1217 1875 1262 cum
1920 1195 2140 1262 influit
2186 1194 2368 1278 apud
2416 1192 2785 1270 hominem,

539 1297 809 1364 excitat
843 1298 1023 1379 apud
1055 1293 1248 1358 illum
1281 1295 1727 1377 cupiditates,
1762 1301 1837 1356 et
1874 1289 2055 1374 apud
2086 1289 2309 1356 malos
2340 1291 2502 1354 odia
2532 1299 2606 1355 et
2638 1290 2786 1354 vin-

539 1390 784 1468 dictae,
823 1403 897 1458 et
955 1389 1138 1474 apud
1196 1398 1526 1472 aegrotos
1571 1389 1894 1452 insanias,
1984 1385 2179 1450 Talis
2236 1385 2419 1468 ignis
2457 1393 2576 1450 aut
2630 1385 2790 1448 talis

540 1487 732 1554 calor
775 1497 885 1552 est
934 1486 1071 1550 illis
1115 1486 1229 1569 qui
1275 1487 1342 1549 in
1392 1481 1798 1567 supradictis
1844 1482 2193 1546 amoribus
2238 1491 2423 1557 sunt,
2464 1481 2789 1564 quoniam

537 1583 806 1667 alligati
853 1591 1014 1646 sunt
1051 1579 1278 1663 quoad
1317 1580 1598 1661 spiritus
1642 1599 1804 1642 suos
1849 1577 1987 1642 illis
2034 1575 2335 1651 infernis,
2374 1577 2587 1640 etiam
2634 1595 2787 1640 cum

538 1677 778 1740 vivunt
839 1676 906 1738 in
961 1693 1271 1756 corpore.
1365 1672 1501 1738 Sed
1550 1673 1907 1738 sciendum
1962 1683 2095 1748 est,
2144 1673 2327 1755 quod
2388 1672 2507 1750 illi,
2548 1672 2663 1755 qui
2721 1672 2789 1735 in

537 1771 814 1836 infernis
846 1779 1026 1843 sunt,
1065 1789 1202 1833 non
1241 1771 1310 1833 in
1344 1769 1504 1850 igne
1536 1769 1700 1843 sint,
1738 1769 1859 1832 sed
1892 1769 2073 1851 quod
2114 1767 2295 1850 ignis
2327 1769 2415 1832 sit
2449 1785 2787 1849 apparen-

535 1865 676 1942 tia;
739 1883 876 1928 non
923 1865 1104 1927 enim
1151 1862 1450 1946 aliquam
1489 1864 1840 1928 ustionem
1885 1863 1979 1926 ibi
2026 1864 2359 1936 sentiunt,
2407 1861 2528 1926 sed
2579 1861 2789 1924 modo

539 1959 838 2024 calorem
883 1959 1158 2042 qualem
1206 1958 1388 2040 prius
1447 1959 1516 2022 in
1583 1959 1865 2022 mundo.
1954 1955 2159 2038 Quod
2206 1957 2387 2039 ignis
2430 1965 2785 2040 appareat,

538 2065 647 2119 est
684 2074 776 2118 ex
815 2053 1469 2135 correspondentia3
1520 2072 1677 2116 nam
1714 2071 1911 2118 amor
1942 2053 2445 2135 correspondet
2477 2052 2618 2134 igni
2652 2072 2667 2116 :
2716 2061 2788 2116 et

539 2150 772 2214 omnia
809 2169 984 2232 quae
1027 2151 1096 2211 in
1145 2149 1403 2214 mundo
1441 2147 1779 2232 spirituali
1814 2159 2183 2231 apparent,
2223 2148 2597 2214 secundum
2637 2167 2788 2212 cor-

538 2245 1072 2328 respondentias
1107 2254 1468 2328 apparent.

661 2353 852 2425 372.
911 2339 1320 2404 Tenendum
1353 2349 1484 2415 est,
1520 2339 1705 2422 quod
1744 2337 1923 2422 ignis
1960 2336 2077 2402 ille
2116 2357 2235 2404 seu
2274 2338 2462 2404 calor
2492 2337 2787 2402 inferna·

537 2434 622 2500 lis
657 2443 970 2501 vertatur
1014 2435 1081 2498 in
1135 2435 1486 2500 intensum
1524 2435 1758 2516 frigus,
1798 2453 1953 2498 cum
1992 2433 2208 2498 influit
2248 2433 2441 2497 calor
2483 2455 2523 2498 e
2568 2434 2785 2510 caelo,

536 2539 610 2595 et
655 2540 816 2594 tunc
861 2529 1273 2594 horrescunt
1315 2530 1414 2595 illi
1461 2531 1574 2614 qui
1631 2529 1747 2608 ibi,
1786 2531 1964 2596 sicut
2022 2531 2137 2612 qui
2183 2530 2483 2612 correpti
2529 2539 2689 2594 sunt
2748 2551 2791 2594 a

537 2624 703 2692 febri
739 2624 996 2708 gelida,
1031 2635 1105 2691 et
1143 2645 1412 2711 quoque
1445 2626 1628 2691 intus
1661 2625 2094 2703 cruciantur;
2142 2634 2216 2691 et
2254 2623 2387 2690 hoc
2426 2645 2517 2689 ex
2554 2645 2785 2701 causa,

538 2722 695 2806 quia
733 2740 1009 2803 prorsus
1055 2730 1213 2785 sunt
1251 2731 1498 2785 contra
1543 2720 1890 2796 Divinum,
1930 2731 2003 2785 et
2050 2720 2239 2785 calor
2284 2718 2479 2795 caeli,
2521 2722 2635 2804 qui
2681 2732 2789 2787 est

536 2834 730 2881 amor
762 2814 1072 2890 DivinuS,
1097 2816 1483 2897 exstinguit
1517 2815 1821 2881 calorem
1848 2814 2109 2890 inferni,
2146 2816 2259 2898 qui
2292 2824 2399 2881 est
2434 2836 2631 2881 amor
2660 2818 2783 2889 sui,

537 2919 608 2973 et
651 2930 804 2975 cum
852 2910 976 2975 illo
1019 2910 1250 2992 ignem
1286 2912 1474 2975 vitae
1511 2930 1771 2979 eorum.
1814 2912 1995 2974 unde
2044 2909 2187 2974 tale
2232 2910 2465 2992 frigus»,
2506 2922 2581 2975 et
2626 2912 2787 2977 inde

537 3002 796 3079 horror.
837 3016 909 3071 et
958 3026 1228 3089 quoque
1265 3006 1623 3071 cruciatus.
1719 3006 1833 3070 Fit
1880 3026 2152 3089 quoque
2192 3006 2280 3069 ibi
2330 3018 2493 3071 tunc
2535 3006 2784 3090 calig0,

538 3111 610 3165 et
636 3101 794 3165 inde
817 3102 1197 3175 infatuatio,
1221 3110 1293 3165 et
1315 3100 1661 3183 caligatio.
1750 3100 1885 3165 Sed
1912 3101 2042 3165 hoc
2058 3120 2214 3164 raro
2236 3100 2308 3165 fit
2333 3122 2349 3181 3
2389 3102 2611 3165 solum
2633 3121 2787 3166 cum

538 3195 855 3272 insultuS,
895 3196 1059 3259 dum
1100 3197 1188 3260 ibi
1228 3195 1411 3261 ultra
1451 3196 1731 3259 modum
1772 3206 2116 3271 crescunt,
2158 3196 2445 3259 sedandi
2484 3207 2667 3262 sunt.

561 3352 566 3357 .
662 3304 857 3374 373.
920 3290 1098 3372 Quia
1165 3312 1288 3373 per
1345 3290 1580 3372 ignem
1637 3289 2039 3355 infernalem
2096 3291 2512 3374 intelligitur
2564 3294 2789 3356 omnis

539 3386 876 3466 cupiditas
931 3385 1184 3450 malum
1245 3386 1539 3451 faciendi
1603 3386 1947 3469 profluens
2004 3406 2097 3449 ex
2164 3406 2400 3451 amore
2456 3389 2579 3462 sui,
2628 3388 2787 3453 inde

539 3481 748 3545 etiam
781 3500 902 3563 per
932 3481 1224 3547 eundem
1257 3481 1492 3563 ignem
1523 3481 1934 3565 intelligitur
1958 3482 2297 3547 cruciatus
2330 3483 2547 3566 qualis
2578 3492 2687 3547 est
2718 3484 2785 3547 in

539 3574 815 3639 infernis
843 3596 858 3640 ε
901 3596 1059 3641 nam
1085 3577 1426 3658 cupiditas
1451 3596 1542 3641 ex
1575 3576 1699 3639 illo
1725 3595 1959 3641 amore
1986 3588 2094 3643 est
2122 3579 2463 3659 cupiditas
2490 3578 2787 3641 nocendi

539 3669 710 3743 aliis,
745 3672 858 3755 qui
889 3692 965 3735 se
997 3690 1136 3735 non
1169 3672 1542 3745 honorant,
1569 3681 1989 3736 venerantur
2025 3680 2097 3737 et
2136 3672 2416 3751 colunt3
2460 3682 2537 3736 et
2568 3692 2785 3756 quan-

540 3773 688 3829 tum
719 3764 860 3831 irae
893 3765 1052 3832 inde
1083 3768 1387 3850 capiunt,
1414 3778 1487 3831 et
1522 3788 1613 3831 ex
1645 3768 1744 3831 ira
1778 3777 2111 3850 quantum
2138 3768 2275 3831 odii
2313 3775 2385 3832 et
2418 3765 2783 3843 vindictae,

537 3868 740 3925 tanta
763 3862 1106 3943 cupiditas
1131 3873 1241 3927 est
1267 3863 1620 3927 saeviendi
1653 3862 1721 3925 in
1748 3862 1941 3927 illos:
1991 3873 2061 3926 et
2089 3882 2241 3927 curn
2268 3862 2428 3927 talis
2448 3863 2787 3945 cupiditas

538 3958 721 4021 inest
760 3956 1088 4022 unicuivis
1127 3958 1194 4021 in
1227 3960 1591 4031 societate,
1629 3958 1740 4022 ubi
1774 3978 1911 4022 non
1949 3957 2224 4023 vincula
2260 3974 2560 4023 externa
2590 3978 2784 4024 coer-

537 4060 724 4127 cent,
771 4071 948 4134 quae
994 4061 1154 4117 sunt
1199 4053 1484 4117 timores
1532 4073 1655 4136 pro
1704 4052 1881 4135 lege,
1931 4072 2189 4135 proque
2228 4050 2493 4134 jactura
2540 4054 2783 4129 famae.

537 4144 844 4223 honoris,
883 4146 1072 4223 lucri,
1109 4158 1184 4212 et
1231 4151 1438 4223 vitae,
1479 4159 1645 4211 tunc
1685 4150 1969 4232 quisque
2016 4168 2108 4211 ex
2152 4168 2278 4212 suo
2316 4148 2501 4213 malo
2538 4151 2670 4215 ruit
2715 4151 2784 4213 in

537 4240 856 4319 alterum,
885 4252 956 4307 et
989 4253 1321 4326 quan-tum
1355 4243 1542 4309 valet
1575 4245 1791 4307 etiam
1827 4242 2171 4327 subjugat,
2206 4264 2287 4311 ac
2326 4243 2595 4325 subjicit
2628 4245 2783 4309 reli·

539 4358 712 4421 quos
749 4358 876 4403 suo
912 4338 1261 4415 dominio;
1325 4350 1396 4404 et
1443 4342 1508 4403 in
1555 4338 1715 4403 illos
1762 4340 1873 4422 qui
1920 4360 1994 4404 se
2042 4358 2179 4403 non
2216 4340 2658 4417 submittunt,
2692 4360 2785 4405 ex

537 4429 834 4507 iucundo
852 4434 1094 4497 saevit.
1178 4432 1334 4497 Hoc
1355 4432 1726 4516 jucundum
1753 4454 2028 4516 prorsus
2048 4431 2483 4517 conjunctum
2504 4444 2611 4499 est
2630 4454 2785 4499 cum

535 4524 834 4599 iucundo
865 4528 1270 4611 imperandi,
1298 4548 1510 4611 usque
1535 4528 1715 4593 adeo
1752 4536 1829 4593 ut
1859 4529 1929 4591 in
1956 4527 2157 4593 simili
2182 4528 2401 4611 gradu
2426 4530 2586 4602 sint,
2614 4549 2784 4615 quo-

541 4622 724 4686 niam
747 4621 1124 4704 jucundum
1159 4623 1455 4689 nocendi
1492 4623 1676 4689 inest
1709 4623 2129 4701 inimicitiae,
2162 4623 2479 4701 invidiae,
2514 4624 2678 4691 odio
2714 4632 2786 4689 et
