3371 5304
1337 595 1534 648 sum·
1579 595 1773 648 ‘rans
1806 595 2056 648 canu,
2773 606 2857 673 27

609 765 774 834 inde
815 763 1272 844 intelleetum,
1320 776 1396 833 et
1453 789 1546 834 ex
1603 789 1691 834 eo
1746 769 1994 836 volunt
2036 780 2111 837 et
2168 771 2429 840 faciunt
2482 794 2597 852 ea,·
2631 774 2733 842 illi
2789 776 2859 844 in

607 863 840 929 medio
885 883 1009 928 seu
1053 863 1360 927 secundo
1405 863 1604 950 caelo
1649 875 1851 930 sunt:
1909 874 1985 931 at
2031 867 2145 950 qui
2190 868 2548 934 moraliter
2591 872 2855 949 vivunt,

607 968 682 1023 et
728 958 1022 1023 credunt
1069 957 1416 1034 Divinum,
1457 978 1586 1024 nec
1631 968 2003 1042 tantopere
2048 972 2289 1027 curant
2334 963 2602 1042 instrui,
2642 965 2742 1032 illi
2786 968 2856 1032 in

608 1051 852 1118 ultimo
909 1073 1032 1116 seu
1090 1053 1309 1135 primo
1353 1053 1552 1118 caelo
1609 1051 1891 1120 suntm)
1979 1056 2153 1121 Inde
2212 1067 2537 1124 constare
2594 1070 2855 1144 potest,

603 1146 788 1231 quod
823 1156 1052 1211 status
1085 1147 1486 1226 interiorum
1519 1147 1777 1214 saciant
1808 1148 2099 1227 caelum,
2133 1161 2207 1217 et
2245 1153 2429 1235 quod
2462 1153 2729 1220 caelum
2767 1157 2857 1221 sit

603 1241 785 1306 intra
822 1243 1364 1325 unumquemvis,
1405 1251 1478 1308 et
1523 1263 1660 1308 non
1700 1254 1907 1310 extra
1940 1244 2174 1326 illum3
2235 1247 2422 1330 quod
2458 1250 2669 1314 etiam
2708 1249 2854 1316 Do-

603 1338 829 1401 minus
864 1337 1098 1415 docet‚
1138 1337 1459 1416 dicendo,

702 1481 876 1533 “Non
904 1483 1055 1533 venit
1083 1497 1312 1546 regnum
1343 1483 1598 1550 Delcum
1627 1485 2029 1546 observatione,
2056 1501 2229 1551 neque
2252 1485 2450 1548 dicent,
2478 1486 2617 1538 Ecce
2645 1489 2733 1539 hic
2759 1499 2857 1540 aut

863 1563 989 1600 ecce
1017 1549 1124 1599 illic
1147 1563 1160 1610 ς
1188 1563 1312 1600 ecce
1338 1549 1486 1600 enim
1513 1563 1743 1614 regnum
1770 1549 1875 1602 Dei
1902 1552 1959 1602 in
1995 1551 2153 1602 vobis
2176 1551 2587 1617 habetis''(Luc.
2614 1554 2742 1606 xviI.
2771 1565 2851 1615 ao,

863 1614 966 1678 ar).

724 1767 870 1838 34·
929 1749 1174 1816 Omnis
1209 1751 1424 1816 etiam
1462 1748 1791 1834 perfectio
1827 1753 2077 1818 crescit
2114 1773 2349 1818 versus
2387 1753 2737 1832 interiora,
2776 1765 2851 1822 et

599 1847 939 1912 decrescit
968 1867 1204 1912 versus
1238 1847 1610 1923 exteriora,
1639 1847 1962 1930 quoniam
1986 1848 2313 1913 interiora
2336 1859 2495 1915 sunt
2530 1851 2851 1935 propiora

597 1945 853 2010 Divino
875 1953 948 2008 et
985 1944 1055 2009 in
1088 1963 1162 2007 se
1186 1943 1482 2026 puriora,
1511 1945 1863 2007 exteriora
1888 1953 2117 2008 autem
2143 1947 2509 2010 remotiora
2533 1967 2574 2010 a
2599 1945 2848 2012 Divino

597 2049 670 2106 et
705 2041 774 2104 in
811 2059 887 2103 se
924 2034 1374 2103 crassiora.(’'''>
1463 2035 1798 2102 Persectio
1828 2038 2149 2122 angelica
2180 2041 2501 2106 consistit
2538 2042 2606 2105 in
2643 2040 2845 2105 intel·

597 2134 906 2218 ligentia,
947 2135 1016 2199 in
1054 2133 1418 2217 sapientia,
1459 2133 1528 2196 in
1564 2152 1825 2208 amore,
1860 2133 2065 2216 inque
2102 2135 2290 2198 omni
2327 2136 2535 2212 bono,
2574 2145 2647 2200 et
2686 2136 2845 2202 inde

596 2229 920 2294 felicitate
946 2251 961 2307 ;
1002 2249 1140 2292 non
1170 2237 1406 2292 autem
1437 2227 1505 2292 in
1536 2227 1873 2292 felicitate
1898 2229 2157 2312 absque
2180 2228 2336 2305 illis,
2367 2249 2526 2295 nam
2551 2230 2845 2296 felicitas

594 2323 852 2408 absque
897 2323 1033 2388 illis
1079 2331 1188 2388 est
1233 2331 1534 2387 externa
1585 2331 1657 2388 et
1720 2342 1861 2387 non
1906 2324 2199 2388 interna.
2290 2322 2471 2406 Quia
2513 2325 2846 2390 interiora

592 2419 774 2502 apud
807 2418 1096 2501 angelos
1127 2418 1349 2482 intimi
1382 2416 1556 2482 caeli
1593 2427 1838 2501 aperta
1873 2427 2033 2481 sunt
2068 2419 2138 2482 in
2174 2419 2389 2482 tertio
2420 2421 2659 2502 gradu,
2686 2420 2843 2486 ideo

593 2510 920 2600 perfectio
959 2515 1229 2578 illorum
1265 2513 1676 2578 immensum
1708 2523 1989 2598 superat
2029 2511 2519 2598 perfectionem
2551 2515 2839 2598 angelo·

592 2630 739 2676 rum
785 2613 854 2677 in
901 2610 1130 2675 medio
1175 2609 1394 2685 cae10‚
1435 2628 1722 2694 quorum
1760 2609 2087 2675 interiora
2123 2619 2367 2695 aperta
2410 2619 2570 2675 sunt
2616 2611 2685 2675 in
2730 2631 2839 2675 se-

591 2708 820 2772 cundo
855 2706 1115 2790 gradu;
1163 2704 1477 2770 similiter
1515 2705 1798 2769 excedit
1838 2703 2165 2790 perfectio
2197 2704 2601 2789 angelorum
2632 2706 2839 2771 medii

590 2802 764 2869 caeli
801 2799 1288 2887 perfectionem
1325 2792 1733 2883 angelorum
1771 2799 1993 2865 ultimi
2030 2800 2225 2867 caeli.

714 2912 858 2981 35.
919 2895 1099 2979 Quia
1130 2895 1273 2960 tale
1305 2896 1672 2960 discrimen
1704 2904 1836 2973 est,
1873 2916 2011 2961 non
2051 2903 2288 2979 potest
2319 2894 2609 2979 angelus
2640 2896 2835 2959 unius

589 2991 764 3057 caeli
799 2994 1054 3057 intrare
1091 2992 1178 3055 ad
1215 2990 1507 3073 angelos
1543 2990 1828 3055 alterius
1866 2990 2062 3067 caeli,
2096 3012 2218 3055 seu
2256 3010 2393 3055 non
2433 2999 2671 3074 potest
2708 2991 2835 3054 ali-

589 3090 738 3173 quis
774 3108 866 3153 ex
904 3086 1210 3151 interiori
1249 3086 1446 3151 caelo
1484 3087 1884 3161 ascendere,
1921 3106 2047 3151 nec
2086 3086 2331 3169 aliquis
2367 3106 2459 3151 ex
2505 3086 2836 3169 superiori

587 3183 786 3247 caelo
817 3182 1278 3246 descendere:
1327 3182 1440 3265 qui
1477 3202 1570 3246 ex
1607 3180 1905 3245 inferiori
1944 3180 2142 3245 caelo
2178 3181 2515 3257 ascendit,
2550 3180 2829 3265 corripi-

587 3288 698 3343 tur
732 3279 1093 3343 anxietate
1139 3296 1350 3361 usque
1408 3276 1497 3340 ad
1550 3275 1887 3352 dolorem,
1923 3294 2051 3341 nec
2112 3285 2352 3359 potest
2388 3275 2621 3339 videre
2673 3275 2831 3342 illos

585 3374 699 3457 qui
742 3373 855 3449 ibi,
894 3374 1116 3436 minus
1155 3371 1341 3457 loqui
1379 3391 1533 3436 cum
1572 3370 1759 3450 illis;
1819 3381 1892 3437 et
1938 3372 2053 3454 qui
2112 3392 2203 3435 ex
2257 3370 2588 3454 superiori
2633 3369 2830 3436 caelo

1396 3646 1473 3699 (tx
1497 3656 1695 3689 annun
1718 3645 2045 3700 mn.)

753 3760 814 3830 q)
854 3757 1035 3832 Quod
1072 3758 1330 3815 totidem
1367 3760 1590 3831 gradus
1613 3759 1779 3815 vitae
1828 3759 1887 3813 in
1928 3758 2175 3813 homine
2212 3756 2352 3820 sint,
2381 3766 2535 3829 quot
2567 3756 2732 3821 caeli,
2763 3768 2827 3813 et

583 3846 664 3903 qu
771 3829 1117 3901 aperiantur
1140 3841 1278 3902 post
1303 3840 1560 3886 mortem
1587 3830 1921 3887 secundum
1946 3829 2078 3899 ejus
2100 3828 2289 3885 vitam
2317 3830 2400 3897 (n.
2427 3839 2582 3898 3747,
2612 3830 2795 3898 9594).

691 3898 870 4027 Puod
896 3901 1128 3957 caelum
1153 3901 1234 3957 sit
1259 3900 1320 3955 in
1341 3900 1585 3957 homine
1611 3903 1696 3970 (n.
1724 3900 1907 3970 3884).
1992 3918 1999 3927 ·

723 3973 842 4028 nde
865 3973 1030 4044 quod
1054 3972 1158 4044 qui
1183 3973 1415 4027 caelum
1448 3972 1510 4027 in
1541 3988 1606 4028 se
1635 3971 1862 4043 recepit
1899 3971 1961 4026 in
2000 3971 2245 4035 mundo,
2272 3969 2333 4026 in
2362 3968 2598 4025 caelum
2623 3968 2828 4025 veniat

584 4052 723 4115 post
747 4053 1008 4099 mortem
1037 4044 1120 4114 (n.
1151 4044 1364 4113 10717).

588 4155 810 4296 5¹4grr)
842 4152 1026 4227 Quod
1046 4152 1331 4211 interiora
1352 4152 1474 4210 sint
1499 4150 1855 4227 perfectiora
1867 4150 2010 4226 quia
2024 4152 2307 4224 propiora
2322 4149 2547 4207 Divino
2562 4152 2647 4222 (n.
2668 4161 2823 4221 34205.

690 4226 972 4369 9¹3an
1009 4296 1250 4351 interno
1275 4295 1461 4351 millia
1483 4305 1547 4351 et
1584 4294 1773 4351 millia
1799 4294 1940 4357 sint.
1965 4308 2121 4366 quae
2159 4292 2219 4349 in
2256 4303 2509 4349 externo
2533 4302 2822 4365 apparent

585 4376 654 4421 ut
677 4382 997 4423 commune
1021 4382 1212 4422 unum
1242 4370 1322 4437 (n.
1352 4368 1531 4436 5707).

695 4436 875 4510 Quod
907 4448 1200 4509 quantum
1226 4437 1414 4493 homo
1441 4439 1516 4493 ab
1546 4436 1811 4493 externis
1834 4435 2107 4493 elevatur
2131 4450 2339 4491 versus
2366 4432 2666 4495 interiora.
2692 4442 2820 4488 tan·

583 4518 714 4563 tum
735 4508 797 4562 in
817 4508 1010 4564 lucem
1031 4519 1094 4565 et
1113 4508 1200 4564 ita
1217 4508 1276 4563 in
1301 4508 1758 4580 intelligentiam
1777 4508 1999 4569 veniat.
2017 4516 2082 4563 et
2106 4506 2271 4579 quod
2288 4505 2550 4563 elevatio
2566 4505 2647 4562 sit
2670 4504 2823 4561 sicut

586 4594 622 4635 e
647 4579 856 4637 nimbo
881 4579 943 4634 in
967 4580 1194 4635 clarum
1223 4580 1304 4649 (n.
1326 4578 1486 4649 4598.
1511 4578 1670 4648 6183,
1698 4577 1892 4651 6333[?
1928 4577 2026 4650 631
2036 4578 2138 4651 31).
