3371 5304
541 661 664 728 190
1187 657 1292 710 DE
1331 657 1587 709 canno
1633 659 1733 708 ET
1776 659 2143 710 mutuno.

535 827 821 912 angelus
857 827 1076 910 sapit:
1131 849 1226 892 ex
1269 827 1510 912 quibus
1547 837 1869 892 constare
1906 837 2166 912 potest,
2205 829 2389 912 quod
2434 829 2777 894 internum

535 923 852 998 hominis,
901 922 1084 1006 quod
1127 933 1414 986 vocatur
1473 921 1614 1003 ejus
1666 923 1967 1004 spiritus,
2017 924 2109 986 sit
2167 923 2236 986 in
2298 925 2599 986 ossentia
2656 941 2779 986 sua

535 1016 822 1099 angelus
872 1015 1218 1099 (videatur
1253 1037 1478 1100 supra,
1519 1037 1583 1079 n.
1628 1015 1737 1099 57)
1769 1013 1883 1093 ;(“)
1928 1018 2042 1101 qui
2087 1037 2240 1080 cum
2272 1016 2539 1081 solutus
2584 1027 2692 1081 est
2736 1037 2779 1080 a

533 1111 842 1174 terrestri
880 1131 1166 1192 corpore
1200 1131 1417 1195 aeque
1453 1121 1563 1174 est
1607 1112 1676 1174 in
1712 1110 1933 1174 forma
1968 1111 2269 1174 humana
2312 1131 2393 1175 ac
2439 1112 2727 1193 angelus
2756 1131 2775 1188 3

539 1203 749 1288 (quod
787 1205 1077 1288 angelus
1115 1207 1204 1268 sit
1247 1205 1316 1268 in
1362 1203 1664 1288 perseeta
1699 1205 1917 1274 forma
1954 1205 2274 1282 humana,
2314 1207 2629 1270 videatur
2662 1226 2773 1269 su-

535 1319 678 1382 pra,
719 1320 782 1363 n.
819 1315 1030 1382 73-77
1058 1297 1108 1382 3)
1157 1319 1312 1363 cum
1337 1309 1568 1363 autem
1594 1300 1939 1363 internum
1962 1298 2256 1365 hominis
2290 1319 2427 1364 non
2461 1311 2771 1383 apertum

532 1403 646 1457 est
681 1413 904 1475 supra,
945 1394 1068 1458 sed
1114 1393 1323 1457 modo
1369 1394 1560 1469 infra,
1601 1403 1766 1458 tunc
1814 1414 2026 1478 usque
2062 1394 2231 1458 illud
2276 1405 2437 1477 post
2482 1393 2769 1458 solutio-

533 1508 693 1552 nem
721 1509 764 1552 a
795 1509 1078 1570 corpore
1110 1498 1219 1551 est
1258 1489 1326 1550 in
1357 1488 1575 1551 forma
1604 1487 1923 1562 humana,
1958 1489 2080 1552 sed
2114 1490 2260 1552 dira
2288 1499 2360 1553 et
2392 1487 2771 1566 diabolica;

533 1601 692 1646 nam
746 1603 882 1646 non
929 1581 1242 1665 spectare
1287 1591 1524 1664 potest
1569 1602 1837 1646 sursum
1895 1581 1985 1646 ad
2042 1581 2332 1659 caelum,
2380 1582 2504 1646 sed
2562 1583 2771 1646 modo

531 1677 850 1741 deorsum
887 1676 976 1739 ad
1013 1676 1368 1740 infernum.

656 1785 848 1853 315.
907 1769 1042 1852 Qui
1079 1771 1166 1834 de
1197 1771 1438 1835 ordine
1476 1770 1731 1835 Divino
1754 1769 2125 1836 instruetus
2161 1781 2291 1847 est,
2319 1773 2533 1837 etiam
2564 1772 2767 1836 intel-

527 1865 743 1948 ligere
776 1875 1014 1946 potest
1042 1866 1226 1950 quod
1259 1865 1468 1929 homo
1497 1876 1771 1929 creatus
1800 1866 1892 1930 sit
1924 1877 1998 1931 ut
2028 1865 2150 1930 fiat
2180 1865 2489 1948 angeluS,
2516 1867 2671 1951 quia
2699 1866 2766 1931 in

527 1960 651 2025 illo
685 1971 796 2026 est
831 1960 1146 2024 ultimum
1185 1961 1443 2042 ordinis
1485 1957 1580 2043 (n.
1615 1957 1793 2042 304),
1828 1961 1897 2024 in
1934 1981 2071 2043 quo
2106 1962 2381 2025 formari
2426 1971 2665 2044 potest
2700 1961 2766 2024 id

529 2055 713 2138 quod
749 2055 1072 2119 caelestis
1109 2063 1182 2118 et
1219 2053 1578 2136 angelicae
1615 2055 1999 2136 sapientiae
2036 2065 2167 2130 est,
2208 2063 2279 2118 et
2312 2055 2496 2139 quod
2534 2064 2767 2138 potest

527 2150 979 2232 redintegrari
1002 2161 1076 2214 et
1101 2148 1558 2232 multiplicari.
1642 2148 1930 2214 Divinus
1955 2144 2125 2215 ordo
2150 2169 2483 2234 nusquam
2508 2139 2765 2213 subsis-

529 2245 620 2308 tit
654 2245 723 2307 in
747 2244 996 2320 medio,
1021 2253 1094 2308 et
1131 2244 1223 2308 ibi
1253 2244 1512 2327 absque
1543 2243 1791 2308 ultimo
1820 2245 2069 2309 format
2099 2244 2377 2328 aliquid,
2412 2263 2550 2308 non
2583 2245 2764 2307 enim

526 2347 636 2402 est
658 2339 728 2401 in
754 2359 877 2402 suo
903 2339 1109 2421 pleno
1133 2347 1206 2402 et
1231 2335 1573 2420 perfeEt03
1613 2338 1736 2402 sed
1756 2338 1949 2402 vadit
1972 2339 2063 2402 ad
2086 2338 2399 2402 ultimum
2422 2335 2769 2416 3⁴⁶⁶U⁴t⁴⁷⁹ss

528 2442 603 2497 at
640 2452 792 2497 cum
839 2443 948 2498 est
985 2433 1052 2497 in
1091 2453 1215 2496 suo
1247 2432 1515 2509 ultim0,
1549 2441 1715 2498 tunc
1751 2433 2024 2510 format,
2059 2443 2131 2496 et
2168 2451 2437 2516 quoque
2467 2451 2589 2516 per
2618 2451 2765 2496 me·

527 2528 642 2592 dia
678 2527 769 2592 ibi
801 2528 1059 2592 collata
1095 2547 1169 2591 se
1206 2527 1639 2610 redintegrat
1675 2536 1748 2592 et
1786 2527 2102 2610 producit
2136 2526 2440 2603 ulterius,
2474 2527 2656 2610 quod
2688 2525 2765 2592 fit

527 2642 648 2705 per
679 2624 1232 2707 procreationes;
1279 2633 1702 2707 quapropter
1730 2623 1823 2687 ibi
1854 2631 1963 2687 est
1994 2623 2431 2689 seminarium
2464 2622 2657 2687 caeli.

652 2720 850 2801 316.
909 2716 1114 2799 Quod
1169 2718 1505 2781 Dominus
1551 2738 1691 2781 non
1738 2718 1947 2781 modo
1982 2717 2212 2803 quoad
2258 2718 2593 2800 spiritum,
2638 2718 2779 2796 sed}

525 2814 738 2877 etiam
773 2812 1002 2894 quoad
1040 2832 1285 2895 corpus
1321 2814 1794 2888 resurrexerit,
1829 2822 1937 2877 est
1973 2814 2130 2896 quia
2163 2812 2499 2877 Dominus
2534 2821 2763 2877 totum

528 2907 924 2970 Humanum
964 2922 1178 2981 suum,
1213 2924 1372 2971 cum
1408 2906 1532 2971 fuit
1569 2908 1640 2971 in
1677 2906 1957 2983 mundo,
1992 2904 2427 2989 glorificavit,
2458 2905 2593 2971 hoc
2628 2917 2761 2983 est,

528 2999 851 3063 Divinum
888 3000 1092 3078 fecit3
1139 3002 1368 3065 anima
1401 3001 1604 3077 enim,
1645 3021 1821 3083 quae
1859 3000 1998 3083 Ipsi
2041 3021 2084 3064 a
2124 3000 2349 3075 Patre,
2391 3020 2483 3064 ex
2524 3020 2601 3067 se
2640 3000 2761 3083 lp-

525 3112 674 3157 sum
707 3093 1030 3157 Divinum
1067 3094 1213 3169 fuit,
1246 3104 1320 3158 et
1357 3114 1604 3175 corpus
1636 3092 1887 3159 sactum
1920 3104 2029 3159 est
2060 3094 2439 3159 similitudo
2469 3096 2759 3171 animae.

521 3189 658 3252 hoc
693 3196 820 3265 est,
863 3188 1102 3263 Patris,
1141 3189 1242 3253 ita
1285 3208 1559 3273 quoque
1597 3187 1961 3269 Divinum;
2012 3190 2171 3253 inde
2208 3199 2341 3267 est,
2380 3190 2565 3272 quod
2606 3190 2763 3273 Ipse

523 3302 722 3347 secus
753 3302 834 3347 ac
865 3281 1043 3347 ullus
1064 3282 1296 3361 homo,
1322 3283 1551 3368 quoad
1575 3292 1940 3367 utrumque
1962 3286 2415 3349 resurrexerit
2442 3281 2531 3348 :Wl
2576 3286 2757 3368 quod

523 3379 736 3443 etiam
767 3377 1234 3443 manifestavit
1257 3377 1628 3462 discipulis,
1655 3379 1769 3461 qui
1792 3378 2169 3443 credebant
2192 3379 2425 3443 videre
2450 3378 2757 3462 spiritum

1295 3665 1395 3721 [(ιι
1417 3676 1614 3709 Μ
1636 3664 1991 3720 ΜΠ

629 3789 750 3861 (kk)
801 3788 982 3862 Quod
1018 3786 1275 3844 totidem
1303 3786 1524 3859 gradus
1553 3789 1715 3843 vitae
1757 3789 1817 3843 in
1858 3787 2105 3844 homine
2140 3788 2280 3851 sint,
2309 3797 2461 3861 quot
2496 3788 2663 3852 caeli,
2692 3799 2755 3844 et

519 3862 683 3934 quod
709 3860 1054 3930 aperiantur
1077 3868 1216 3930 post
1239 3868 1496 3913 mortem
1521 3859 1851 3914 secundum
1877 3859 2010 3929 ejus
2032 3860 2223 3915 vitam
2248 3862 2332 3928 (n.
2360 3870 2515 3927 3747,
2542 3860 2725 3929 9594).

687 3932 807 3987 uod
831 3930 1066 3985 caelum
1087 3930 1168 3985 sit
1195 3928 1254 3983 in
1281 3926 1525 3983 homine
1559 3931 1638 3997 (n.
1665 3929 1848 3998 3884).

685 4002 805 4056 uod
833 4000 1108 4055 homines
1129 3999 1231 4071 qui
1259 4000 1485 4055 amoris
1508 4010 1571 4054 et
1593 3999 1904 4055 charitatis
1927 3998 2116 4054 vitam
2142 3999 2371 4063 vivunt.
2400 4004 2459 4054 in
2481 4016 2545 4055 se
2572 4000 2753 4056 habe-

517 4083 626 4128 ant
647 4071 1004 4143 sapientiam
1026 4069 1375 4142 angelicam.
1399 4070 1506 4125 sed
1530 4081 1676 4125 tunc
1700 4071 2148 4135 absconditum
2197 4080 2261 4124 et
2289 4072 2453 4141 quod
2492 4071 2556 4125 in
2592 4070 2751 4125 illam

515 4143 764 4198 veniant
788 4152 926 4213 post
958 4153 1214 4225 mortem
1241 4144 1323 4209 (n.
1344 4141 1526 4225 2494).
1994 4210 2010 4225 .
2146 4212 2160 4225 ⁶
2210 4210 2225 4225 .
2708 4210 2721 4225 .

683 4214 804 4268 uod
839 4214 1022 4269 homo
1047 4230 1106 4266 m
1135 4212 1336 4266 Verbo
1359 4212 1596 4265 dicatur
1615 4210 1879 4281 angelus.
1904 4226 2011 4283 qun
2044 4220 2258 4282 recipit
2280 4212 2509 4266 bonum
2533 4227 2754 4267 amoris

515 4292 582 4341 et
648 4283 746 4339 dei
769 4298 807 4339 a
834 4282 1094 4339 Domino
1121 4284 1204 4350 (n.
1234 4280 1448 4351 10528).

626 4402 718 4475 (Ιὶ)
779 4402 960 4479 Quod
1013 4402 1203 4459 homo
1249 4412 1522 4475 resurgat
1567 4412 1804 4459 tantum
1853 4404 2054 4476 quoad
2096 4404 2375 4477 spiritum
2428 4406 2511 4475 (n.
2566 4416 2753 4475 10593.

521 4479 802 4618 msgti‘od
839 4552 1008 4602 solus
1043 4544 1342 4601 Dominus
1363 4544 1548 4601 etiam
1577 4544 1779 4616 quoad
1808 4560 2026 4618 corpus
2062 4546 2454 4603 resurrexerit
2484 4548 2567 4611 (n.
2604 4558 2753 4618 17²9·

517 4616 675 4687 2083,
703 4616 858 4686 5078,
887 4616 1021 4669 1082
1029 4620 1102 4686 5).
