3371 5304
561 641 566 645 ·
624 632 748 716 358
1269 647 1374 698 DE
1409 645 1660 698 CAELO
1710 647 1807 697 ET
1850 647 2214 698 numano.

621 815 804 898 quod
844 815 1074 882 lumen
1112 825 1220 881 est
1257 817 1440 882 sicut
1479 817 1711 882 lumen
1742 839 1835 882 ex
1873 819 2110 902 ignitis
2149 819 2581 897 carbonibus,
2622 829 2695 887 et
2741 822 2864 888 ali-

621 913 778 976 cubi
809 912 986 976 sicut
1017 933 1108 975 ex
1141 912 1466 995 sulphure
1499 914 1791 978 ardente
1822 936 1838 992 ;
1886 915 2007 977 sed
2042 915 2253 978 etiam
2292 916 2421 980 hoc
2448 915 2684 981 lumen
2715 939 2870 982 ver-

621 1007 793 1071 titur
837 1006 906 1070 in
946 1027 1206 1071 meram
1243 1009 1638 1090 caliginem,
1679 1029 1835 1072 cum
1872 1009 2033 1073 illuc
2080 1030 2119 1072 e
2166 1009 2363 1073 caelo
2400 1011 2655 1094 aliquid
2700 1011 2869 1077 lucis

620 1103 864 1168 influit.
954 1103 1126 1166 Inde
1191 1113 1321 1180 est,
1383 1105 1568 1187 quod
1627 1103 1891 1168 inferna
1949 1105 2269 1168 dicantur
2306 1106 2373 1168 in
2432 1107 2731 1189 caligine
2794 1118 2869 1174 et

621 1199 925 1264 tenebris
957 1215 1149 1277 esse3
1195 1207 1271 1262 et
1309 1200 1492 1281 quod
1529 1199 1867 1281 “caligo'’
1896 1211 1972 1264 et
2006 1207 2049 1234 “
2073 1200 2401 1266 tenebrae
2420 1200 2455 1227 ’⁹
2483 1201 2869 1284 significent

619 1294 791 1359 falsa
827 1315 920 1357 ex
953 1293 1157 1368 malo,
1193 1294 1422 1376 qualia
1453 1303 1616 1357 sunt
1663 1295 1735 1356 in
1779 1293 2062 1358 inferno.

744 1405 946 1475 334.
1007 1389 1120 1452 Ex
1158 1387 1483 1470 inspeetis
1517 1389 1650 1452 illis
1681 1389 1919 1454 formis
1956 1391 2367 1456 monstrosi·
2404 1392 2765 1473 spirituum
2802 1393 2869 1456 in

623 1484 929 1559 inferniS,
984 1483 1209 1567 (quae,
1260 1495 1334 1547 ut
1393 1481 1652 1548 dictum
1700 1493 1827 1561 est,
1874 1473 2117 1550 omnes
2162 1497 2325 1550 sunt
2383 1486 2643 1558 formae
2702 1507 2871 1554 con·

619 1591 928 1663 temptus
959 1579 1266 1654 aliorum,
1295 1599 1374 1643 ac
1409 1581 1745 1643 minarum
1770 1589 2012 1644 contra
2043 1581 2201 1644 illos
2232 1581 2344 1663 qui
2376 1601 2449 1644 se
2480 1601 2619 1644 non
2650 1581 2871 1646 hono·-

620 1686 780 1742 rant
820 1685 891 1740 et
963 1685 1424 1751 venerantur3
1473 1683 1620 1737 tum
1659 1676 1917 1738 formae
1956 1677 2269 1738 odiorum
2309 1685 2381 1740 et
2418 1673 2873 1746 vindictarum

623 1780 867 1835 contra
911 1769 1068 1834 illos
1123 1770 1236 1853 qui
1289 1770 1420 1833 sibi
1479 1789 1616 1834 non
1657 1769 1958 1854 'faventQ
2000 1773 2243 1854 patuit,
2282 1772 2747 1854 quod-omnes
2802 1775 2871 1842 in

618 1885 876 1952 genere
907 1875 1143 1928 essent
1165 1865 1422 1928 formae
1455 1866 1706 1930 amoris
1738 1867 1839 1929 sui
1868 1877 1941 1929 et
1978 1867 2229 1928 amoris
2260 1867 2493 1930 mundi
2522 1887 2538 1944 3
2586 1877 2657 1932 et
2686 1867 2873 1950 quod

619 1961 824 2036 mala,
864 1981 1151 2044 quorum
1189 1960 1524 2042 speciales
1560 1960 1823 2025 formae
1860 1971 2043 2036 sunt,
2084 1979 2178 2026 ex
2222 1960 2357 2024 illis
2402 1961 2575 2026 binis
2610 1963 2862 2027 amori·

618 2057 746 2120 bus
777 2076 936 2119 suas
959 2057 1258 2138 origines
1277 2055 1556 2120 ducant.
1647 2054 1923 2122 Dietum
1948 2077 2217 2138 quoque
2238 2056 2399 2120 mihi
2433 2066 2541 2120 est
2571 2077 2613 2120 e
2644 2055 2863 2130 caelo.

621 2163 694 2216 et
731 2171 1002 2234 quoque
1042 2171 1163 2233 per
1197 2151 1488 2214 multam
1525 2153 2034 2233 experientiam
2074 2161 2411 2216 testatum
2444 2147 2697 2216 sactum
2732 2162 2861 2226 est,

622 2247 809 2329 quod
857 2246 997 2309 bini
1044 2246 1143 2309 illi
1187 2266 1480 2322 amores,
1531 2267 1780 2330 nempe
1826 2267 2019 2310 amor
2076 2248 2179 2309 sui
2238 2257 2311 2310 et
2372 2266 2566 2311 amor
2610 2247 2866 2320 mundi.

619 2352 920 2424 regnent
979 2343 1046 2404 in
1091 2341 1389 2418 infernis,
1437 2350 1510 2405 et
1555 2362 1829 2424 quoque
1872 2341 2129 2405 saciant
2174 2341 2485 2420 inferna3
2546 2361 2625 2404 ac
2679 2341 2861 2424 quod

619 2458 815 2502 amor
866 2439 934 2502 in
993 2437 1366 2500 Dominum
1421 2446 1492 2500 et
1547 2455 1741 2500 amor
1794 2456 1960 2519 erga
2013 2438 2401 2518 proximum
2448 2446 2743 2518 regnent
2798 2437 2869 2505 in

620 2533 855 2608 caelis,
895 2543 969 2598 et
1008 2553 1278 2615 quoque
1312 2531 1572 2595 faciant
1611 2531 1883 2610 caelos;
1932 2541 2077 2596 tum
2116 2531 2298 2613 quod
2344 2531 2444 2595 illi
2490 2532 2629 2594 bini
2674 2550 2867 2594 amo-

621 2651 756 2705 res,
798 2629 911 2713 qui
957 2637 1119 2691 sunt
1155 2645 1426 2691 amores
1461 2625 1729 2703 inferni,
1768 2647 1849 2691 ac
1896 2625 1993 2691 illi
2040 2627 2179 2694 bini
2214 2645 2507 2705 amores»,
2554 2626 2671 2710 qui
2707 2635 2868 2689 sunt

625 2746 898 2791 amores
935 2724 1131 2799 caeli,
1172 2724 1312 2787 sint
1349 2723 1478 2787 sibi
1509 2744 1548 2786 e
1585 2724 1923 2787 diametro
1961 2723 2277 2804 oppositi.

749 2833 952 2902 333·
1011 2818 1308 2882 Primum
1375 2818 1658 2881 miratus
1724 2836 1895 2894 sum,
1957 2817 2137 2881 unde
2210 2815 2365 2889 hoc,
2424 2816 2611 2899 quod
2674 2835 2871 2882 amor

620 2914 722 2981 sui
759 2924 832 2977 et
870 2932 1062 2977 amor
1093 2911 1328 2975 mundi
1357 2920 1504 2975 tam
1535 2910 1861 2975 diabolici
1893 2912 2055 2987 sint,
2089 2920 2161 2975 et
2191 2911 2377 2993 quod
2417 2911 2461 2973 ii
2493 2912 2605 2993 qui
2634 2912 2702 2975 in
2734 2912 2867 2976 iuis

621 3018 804 3083 sunt,
841 3008 1008 3073 talia
1044 3016 1358 3071 monstra
1393 3007 1480 3070 ad
1520 3004 1875 3089 aspectum
1906 3007 2046 3073 sint
2076 3027 2091 3084 ς
2138 3008 2463 3089 quoniam
2500 3006 2571 3072 in
2608 3006 2865 3077 mundo

621 3125 861 3189 parum
901 3100 1270 3167 reflectitur
1306 3122 1509 3185 super
1544 3120 1851 3168 amorem
1898 3102 2021 3177 sui.
2060 3102 2185 3167 sed
2246 3122 2448 3183 super
2482 3100 2861 3167 elationem

623 3202 830 3267 animi
867 3201 938 3262 in
977 3197 1308 3273 externis,
1343 3218 1516 3280 quae
1553 3196 1871 3279 superbia
1908 3205 2216 3272 vocatur,
2256 3216 2430 3279 quae
2466 3198 2625 3281 quia
2654 3216 2867 3279 appa-2

621 3307 730 3362 ret
777 3296 864 3359 ad
904 3294 1144 3368 visum,
1185 3294 1406 3359 solum
1444 3312 1638 3356 amor
1673 3292 1777 3355 sui
1814 3312 1967 3357 esse
2005 3291 2352 3369 creditur;
2399 3302 2470 3355 et
2510 3302 2867 3375 praeterea

619 3412 811 3457 amor
843 3390 966 3462 sui,
994 3390 1105 3471 qui
1146 3406 1282 3451 non
1315 3408 1388 3451 se
1421 3388 1521 3451 ita
1553 3385 1768 3459 effert,
1796 3387 1863 3449 in
1898 3386 2155 3451 mundo
2178 3386 2483 3449 creditur
2504 3406 2658 3451 esse
2688 3387 2867 3470 ignis

619 3488 826 3560 vitae,
861 3504 952 3549 ex
991 3503 1126 3565 quo
1163 3483 1373 3547 homo
1409 3470 1755 3546 ex'citatur
1790 3482 1879 3545 ad
1920 3481 2322 3547 ambiendae
2358 3478 2763 3559 functiones,
2792 3495 2865 3557 et

620 3582 708 3644 ad
741 3579 1235 3662 praestandum
1267 3596 1448 3651 usna,
1477 3577 1544 3640 in
1576 3576 1821 3659 quibus
1848 3578 1973 3641 nisi
2004 3576 2215 3642 horno
2240 3576 2571 3644 honorem
2605 3588 2677 3641 et
2708 3578 2863 3659 glo·

617 3678 789 3741 riam
818 3675 1078 3749 videat,
1105 3674 1372 3737 animus
1402 3671 1546 3753 ejus
1577 3672 1935 3753 torpescit.
2028 3670 2307 3747 Dicunt,
2350 3676 2391 3704 ‘⁴
2414 3670 2585 3753 Quis
2608 3672 2863 3755 aliquid

620 3772 930 3851 dignum,
971 3768 1160 3841 utile,
1201 3776 1272 3831 et
1308 3765 1755 3829 memorabile
1790 3766 1977 3841 fecit,
2018 3767 2146 3832 nisi
2194 3776 2269 3829 ut
2306 3765 2396 3829 ab
2434 3766 2605 3841 aliis,
2640 3778 2757 3833 aut
2796 3768 2865 3831 in

619 3866 910 3932 aliorum
941 3863 1208 3936 animis,
1243 3861 1629 3925 celebretur
1665 3870 1738 3925 et
1776 3859 2205 3925 honoretur?
2250 3870 2322 3925 et
2353 3862 2531 3924 unde
2564 3861 2697 3925 hoc
2738 3864 2863 3935 nisi

619 3980 712 4024 ex
743 3960 904 4041 igne
935 3958 1184 4023 amoris
1211 3976 1334 4037 pro
1353 3956 1578 4038 gloria
1600 3964 1672 4020 et
1706 3954 1989 4030 honore,
2016 3966 2525 4037 consequenter
2558 3977 2681 4038 pro
2710 3977 2783 4021 se
2804 3957 2866 4019 Γ·

620 4055 792 4123 Inde
824 4062 954 4126 est,
990 4051 1173 4134 quod
1211 4071 1348 4115 non
1383 4053 1642 4115 sciatur
1676 4052 1747 4114 in
1786 4051 2065 4127 mundo,
2100 4052 2285 4131 quod
2318 4070 2510 4113 amor
2546 4053 2647 4115 sui
2684 4052 2753 4117 in
2790 4072 2863 4123 se

617 4147 974 4232 spectatus
1005 4149 1094 4211 sit
1126 4166 1318 4214 amor
1348 4146 1461 4230 qui
1491 4156 1740 4228 regnat
1773 4146 1840 4210 in
1872 4145 2159 4223 inferno,
2192 4154 2267 4209 et
2298 4146 2501 4211 saciat
2533 4147 2863 4211 infernum

618 4246 802 4328 apud
840 4244 1212 4309 hominem.
1303 4240 1482 4323 Quia
1519 4243 1618 4305 ita
1655 4262 1729 4305 se
1766 4262 1875 4303 res
1912 4240 2148 4316 habet,
2175 4241 2383 4305 velim
2418 4242 2705 4323 primum
2742 4242 2861 4305 de·

619 4340 938 4413 scribere,
972 4338 1132 4421 quid
1171 4356 1364 4401 amor
1399 4338 1522 4412 sui,
1563 4347 1634 4401 et
1672 4336 1833 4399 dein
1864 4336 2048 4419 quod
2086 4335 2177 4399 ab
2211 4334 2331 4401 illo
2366 4355 2599 4404 amore
2637 4338 2865 4403 omnia

620 4436 804 4501 mala
840 4446 911 4501 et
950 4434 1110 4501 inde
1147 4434 1320 4497 salsa
1355 4434 1763 4497 scaturiant.

747 4530 951 4612 556.
1013 4527 1235 4603 Amor
1283 4528 1384 4591 sui
1431 4538 1540 4593 est
1585 4528 1713 4589 sibi
1759 4525 1888 4589 soli
1936 4524 2113 4589 bene
2160 4523 2365 4599 velle,
2414 4533 2485 4588 et
2534 4544 2671 4587 non
2718 4525 2869 4589 aliis

623 4626 750 4688 nisi
801 4636 1083 4705 propter
1144 4644 1242 4699 se,
1293 4643 1378 4687 ne
1437 4622 1713 4705 quidem
1760 4620 2120 4700 ecclesiae,
2169 4620 2457 4702 patriae,
2504 4630 2625 4683 aut
2671 4620 2868 4699 alicui
