3371 5304
829 643 1178 698 DOMINUS
1223 645 1591 699 NEMINEM
1636 647 1721 700 IN
1768 648 2171 702 INFERNUM
2222 650 2535 716 DEJICIT.
2682 649 2801 719 353

557 825 856 883 mortem
903 819 1350 903 semetipsum
1397 819 1678 903 conjicit
1732 821 1801 885 in
1852 821 2210 898 infernum,
2260 830 2330 886 et
2374 840 2513 885 non
2561 819 2800 885 Domi·

559 931 708 976 nus.

681 1008 886 1094 548·
949 1008 1322 1093 Quomodo
1351 1009 1485 1074 hoc
1517 1009 1617 1084 fit,
1646 1009 1858 1077 etiam
1890 1009 2177 1076 dicetur.
2262 1008 2562 1092 Quando
2592 1009 2803 1076 homo

559 1102 850 1170 alteram
883 1105 1100 1168 vitam
1138 1105 1377 1178 intrat,
1418 1103 1710 1185 primum
1750 1104 2094 1186 excipitur
2127 1103 2217 1167 ab
2252 1104 2541 1186 angeliS,
2580 1104 2707 1186 quin
2739 1105 2801 1166 ei

559 1200 792 1264 omnia
828 1196 1052 1263 officia
1089 1207 1448 1282 praestant
1491 1206 1564 1264 et
1612 1218 1884 1281 quoque
1920 1218 2075 1262 cum
2122 1197 2243 1262 illo
2289 1197 2658 1283 loquuntur
2714 1199 2801 1263 de

560 1292 883 1370 Domino,
924 1294 1012 1358 de
1051 1291 1270 1370 caelo,
1305 1293 1394 1357 de
1429 1293 1574 1356 vita
1612 1292 1957 1374 angelica,
1992 1301 2199 1376 atque
2232 1292 2570 1356 instruunt
2608 1289 2799 1356 illum

558 1389 625 1451 in
662 1388 840 1452 veris
876 1397 948 1453 et
994 1387 1236 1451 bonis:
1297 1396 1373 1452 at
1419 1387 1474 1450 si
1520 1387 1756 1460 homo,
1796 1396 1961 1452 tunc
2010 1387 2311 1470 spiritus,
2353 1386 2513 1450 talis
2558 1396 2689 1463 est,
2724 1395 2799 1451 ut

557 1481 802 1547 similia
837 1483 906 1546 in
944 1483 1202 1547 mundo
1234 1481 1506 1565 quidem
1540 1483 1831 1556 noverit,
1866 1482 1989 1545 sed
2022 1482 2231 1546 corde
2263 1483 2645 1564 negaverit,
2682 1491 2799 1544 aut

557 1579 914 1659 spreverit,
955 1587 1120 1641 tunc
1159 1585 1322 1660 post
1359 1577 1660 1659 aliquam
1702 1575 2241 1640 collocutionem
2279 1577 2367 1640 ab
2412 1575 2547 1639 illis
2586 1576 2799 1658 cupit,

556 1681 630 1736 et
668 1691 937 1756 quoque
975 1673 1352 1736 discessum
1391 1672 1658 1754 quaerit
1689 1693 1705 1749 ;
1752 1671 1938 1754 quod
1970 1691 2124 1734 cum
2164 1671 2637 1753 appercipiunt
2676 1689 2797 1732 an-

557 1770 717 1852 geli,
758 1769 1150 1853 relinquunt
1190 1768 1401 1833 illum.
1497 1768 1563 1831 Is
1601 1779 1762 1851 post
1794 1768 2021 1851 aliqua
2054 1769 2401 1833 consortia
2441 1787 2593 1833 cum
2626 1767 2795 1839 aliis,

556 1865 842 1928 tandem
904 1865 1289 1927 associatur
1345 1861 1481 1927 illis
1541 1863 1654 1946 qui
1720 1863 1787 1925 in
1850 1861 2053 1925 simili
2107 1861 2293 1925 malo
2350 1880 2582 1926 secum
2637 1873 2797 1925 sunt

561 1956 908 2042 (videatur
950 1979 1175 2041 supra,
1215 1978 1280 2021 n.
1325 1957 1703 2040 445-452):
1766 1956 1949 2039 quod
1998 1977 2151 2020 cum
2200 1955 2299 2031 fit,
2340 1957 2594 2020 avertit
2638 1975 2713 2018 se
2760 1975 2801 2018 a

556 2053 879 2128 Domino,
914 2072 993 2117 ac
1027 2054 1236 2116 vertit
1275 2051 1516 2116 faciem
1551 2051 1638 2115 ad
1679 2051 2037 2126 infernum,
2074 2051 2180 2115 cui
2219 2049 2619 2132 conjunctus
2655 2050 2797 2114 sue-

553 2155 660 2211 rat
705 2149 774 2213 in
812 2148 1092 2224 mundo,
1132 2148 1244 2210 ubi
1289 2147 1388 2210 illi
1425 2147 1536 2230 qui
1581 2148 1648 2210 in
1696 2147 1899 2210 simili
1936 2165 2172 2210 amore
2211 2146 2371 2208 mali
2410 2154 2592 2209 sunt.
2683 2145 2795 2207 Ex

555 2241 660 2306 his
697 2252 916 2325 patet,
952 2240 1136 2325 quod
1177 2241 1513 2304 Dominus
1553 2241 1857 2304 adducat
1896 2259 2173 2305 omnem
2211 2242 2527 2322 spiritum
2574 2239 2662 2302 ad
2708 2237 2798 2302 Se

554 2356 677 2419 per
705 2337 1016 2418 angelos,
1057 2345 1130 2400 et
1176 2355 1446 2418 quoque
1479 2355 1600 2417 per
1635 2333 1966 2399 influxum
2027 2356 2064 2398 e
2124 2335 2364 2412 caelo;
2432 2335 2554 2398 sed
2612 2335 2797 2417 quod

553 2432 829 2514 spiritus
883 2432 995 2514 qui
1064 2432 1132 2496 in
1199 2430 1383 2494 malo
1436 2439 1615 2506 sunt,
1679 2449 1953 2512 prorsus
2011 2431 2418 2506 renitantur,
2473 2439 2546 2492 et
2604 2430 2796 2511 quasi

557 2524 894 2591 divellant
941 2546 1018 2590 se
1062 2545 1103 2589 a
1151 2525 1474 2599 Domino,
1515 2535 1586 2589 et
1633 2525 2001 2589 trahantur
2046 2545 2087 2588 a
2131 2545 2257 2589 suo
2303 2525 2487 2588 malo
2533 2525 2709 2587 sicut
2756 2543 2797 2586 a

553 2621 730 2698 sune,
752 2622 846 2686 ita
869 2621 960 2686 ab
984 2619 1245 2685 inferno
1267 2641 1283 2699 ;
1324 2629 1396 2685 et
1423 2621 1578 2704 quia
1598 2620 1985 2695 trahuntur,
2009 2629 2080 2685 et
2106 2641 2197 2685 ex
2222 2639 2455 2685 amore
2482 2617 2643 2683 mali
2670 2638 2793 2685 vo-

554 2717 706 2782 lunt
729 2718 944 2800 sequi,
969 2724 1246 2781 constat
1269 2716 1452 2799 quod
1483 2735 1558 2779 se
1590 2736 1680 2779 ex
1710 2714 1925 2779 libero
1956 2718 2023 2779 in
2050 2716 2383 2779 infernum
2404 2714 2793 2796 conjiciant.

555 2809 762 2893 Quod
800 2812 900 2875 ita
939 2812 1052 2886 sit,
1087 2830 1224 2874 non
1259 2810 1444 2875 credi
1484 2819 1722 2892 potest
1758 2810 1827 2873 in
1866 2811 2144 2886 mundo,
2180 2831 2269 2874 ex
2318 2810 2472 2874 idea
2510 2808 2747 2873 inferni
2778 2830 2793 2885 ;

554 2907 765 2971 immo
802 2925 931 2970 nec
968 2915 1257 2989 apparet
1293 2906 1360 2969 in
1399 2906 1623 2969 altera
1661 2905 1830 2980 vita,
1870 2905 2073 2969 aliter
2109 2924 2341 2969 coram
2380 2904 2597 2968 oculis
2636 2904 2789 2967 illo·

553 3018 698 3065 rum
737 3002 850 3084 qui
889 3012 1096 3065 extra
1131 3000 1464 3064 infernum
1503 3011 1687 3076 sunt,
1714 3020 1854 3064 non
1887 3010 2121 3064 autem
2153 3001 2335 3082 apud
2374 3000 2530 3063 illos
2569 3001 2682 3080 qui
2720 3018 2795 3061 se

551 3094 726 3159 illuc·
751 3094 1171 3177 conjiciunt:
1219 3097 1478 3160 intrant
1518 3096 1700 3160 enim
1740 3114 1862 3160 sua
1899 3105 2187 3178 sponte3
2250 3104 2321 3159 et
2370 3094 2467 3158 illi
2528 3096 2642 3177 qui
2699 3114 2791 3158 ex

552 3190 841 3255 ardente
898 3210 1132 3255 amore
1179 3190 1343 3254 mali
1400 3192 1689 3267 intrant,
1738 3200 2074 3274 apparent
2121 3192 2298 3256 sicut
2344 3190 2795 3271 conjiciantur

551 3286 848 3368 supinati
873 3286 1101 3369 capite
1126 3284 1444 3350 deorsum
1478 3295 1550 3350 et
1583 3285 1869 3368 pedibus
1902 3304 2185 3349 sursum.
2274 3284 2390 3349 Ex
2422 3285 2552 3348 hac
2580 3303 2791 3366 appa-

549 3381 774 3445 rentia
818 3378 1172 3464 estrquod
1211 3381 1528 3445 videatur
1564 3382 1743 3445 sicut
1789 3402 1881 3444 ex
1926 3382 1991 3443 vi
2040 3379 2292 3443 Divina
2344 3380 2410 3444 in
2457 3379 2787 3442 infernum

549 3474 970 3556 dejiciantur.
1049 3474 1187 3557 (De
1220 3473 1350 3539 hac
1383 3496 1454 3539 re
1486 3476 1851 3539 videantur
1884 3475 2074 3557 plura
2106 3476 2297 3550 infra,
2325 3493 2388 3537 n.
2420 3473 2591 3555 574.)
2676 3473 2789 3536 Ex

549 3569 656 3634 his
715 3589 896 3634 nunc
953 3569 1168 3633 videri
1236 3581 1494 3653 potest,
1543 3571 1730 3653 quod
1790 3568 2126 3635 Dominus
2184 3589 2321 3634 non
2378 3567 2673 3653 aliquem
2719 3569 2787 3630 in

547 3665 878 3729 infernum
917 3664 1212 3747 dejiciat,
1251 3666 1374 3729 sed
1423 3666 1705 3750 quisque
1752 3675 2018 3743 semet;
2082 3684 2217 3729 non
2266 3664 2477 3727 modo
2521 3681 2675 3725 cum
2721 3664 2787 3725 in

549 3758 806 3823 mundo
843 3758 1038 3835 vivit,
1077 3761 1201 3825 sed
1261 3762 1470 3824 etiam
1531 3771 1691 3843 post
1731 3770 2027 3833 mortem
2087 3778 2241 3824 cum
2288 3759 2467 3822 inter
2512 3756 2787 3839 spiritus

549 3856 761 3919 venit.

670 3963 880 4031 549·
939 3946 1146 4030 Quod
1180 3947 1516 4013 Dominus
1549 3970 1687 4013 non
1715 3950 1933 4031 possit
1968 3969 2058 4013 ex
2093 3948 2341 4011 Divina
2374 3966 2496 4011 sua
2528 3944 2784 4009 Essen-

543 4043 662 4118 tia,
697 4063 870 4126 quae
901 4056 1011 4108 est
1051 4044 1340 4119 Bonum,
1377 4044 1619 4120 Amor,
1653 4056 1727 4109 et
1769 4044 2262 4119 Misericordia,
2295 4062 2505 4125 agere
2538 4040 2777 4103 simili·

543 4148 651 4204 ter
686 4155 844 4204 cum
880 4141 1065 4204 omni
1103 4140 1402 4213 homine,
1443 4150 1552 4204 est
1597 4160 1828 4215 causa,
1871 4140 2026 4224 quia
2072 4138 2255 4203 mala
2300 4149 2371 4202 et
2417 4136 2577 4200 inde
2614 4135 2785 4199 falsa

540 4234 853 4309 obstant,
893 4254 972 4299 ac
1022 4234 1342 4299 Divinum
1384 4235 1604 4317 Ipsius
1642 4235 1973 4299 influxum
2012 4255 2151 4299 non
2200 4233 2410 4297 modo
2445 4231 2783 4296 hebetant

541 4330 665 4393 sed
704 4330 914 4394 etiam
950 4329 1283 4411 rejiciunt.
1372 4329 1550 4395 Sunt
1587 4331 1769 4394 mala
1813 4341 1886 4396 et
1930 4332 2089 4395 inde
2126 4330 2299 4395 salsa
2336 4330 2512 4393 sicut
2549 4328 2782 4409 nigrae

543 4424 780 4503 nubes,
831 4444 1004 4507 quae
1051 4446 1126 4489 se
1172 4425 1351 4490 inter
1395 4425 1616 4490 solem
1677 4435 1751 4491 et
1812 4426 2084 4491 oculum
2132 4425 2427 4489 hominis
2472 4423 2779 4504 interpo-

543 4529 738 4594 nunt,
786 4528 860 4585 et
907 4519 1218 4585 auferunt
1265 4521 1434 4586 lucis
1481 4522 1785 4604 apricum
1830 4530 1903 4585 et
1949 4538 2287 4595 serenum,
2328 4526 2780 4603 permanente

542 4635 752 4700 usque
784 4613 930 4679 sole
969 4616 1036 4680 in
1068 4617 1395 4681 continuo
1427 4626 1682 4682 conatu
1714 4616 2091 4701 dissipandi
2124 4616 2487 4683 obstantes
2518 4614 2733 4679 nubes
2760 4632 2779 4691 ;
