<?xml version="1.0" encoding="UTF-8"?>
<!DOCTYPE html PUBLIC "-//W3C//DTD XHTML 1.0 Transitional//EN"
    "http://www.w3.org/TR/xhtml1/DTD/xhtml1-transitional.dtd">
<html xmlns="http://www.w3.org/1999/xhtml" xml:lang="en" lang="en">
 <head>
  <title>
</title>
<meta http-equiv="Content-Type" content="text/html;charset=utf-8" />
  <meta name='ocr-system' content='tesseract 3.04.00' />
  <meta name='ocr-capabilities' content='ocr_page ocr_carea ocr_par ocr_line ocrx_word'/>
</head>
<body>
  <div class='ocr_page' id='page_1' title='image "./exauditisetvisi00swedgoog_0164.png"; bbox 0 0 3371 5304; ppageno 0'>
   <div class='ocr_carea' id='block_1_1' title="bbox 568 579 2165 658">
    <p class='ocr_par' dir='ltr' id='par_1_1' title="bbox 568 579 2165 658">
     <span class='ocr_line' id='line_1_1' title="bbox 568 579 2165 658; baseline -0.001 -18"><span class='ocrx_word' id='word_1_1' title='bbox 568 579 683 658; x_wconf 85' lang='lat'>158</span> <span class='ocrx_word' id='word_1_2' title='bbox 1216 587 1317 640; x_wconf 85' lang='lat' dir='ltr'>DE</span> <span class='ocrx_word' id='word_1_3' title='bbox 1354 587 1609 640; x_wconf 75' lang='lat' dir='ltr'>CAELo</span> <span class='ocrx_word' id='word_1_4' title='bbox 1654 588 1752 638; x_wconf 84' lang='lat' dir='ltr'>ET</span> <span class='ocrx_word' id='word_1_5' title='bbox 1800 587 2165 640; x_wconf 83' lang='lat' dir='ltr'>INFERNO.</span> 
     </span>
    </p>
   </div>
   <div class='ocr_carea' id='block_1_2' title="bbox 557 757 2744 842">
    <p class='ocr_par' dir='ltr' id='par_1_2' title="bbox 557 757 2744 842">
     <span class='ocr_line' id='line_1_2' title="bbox 557 757 2744 842; baseline -0.002 -15"><span class='ocrx_word' id='word_1_6' title='bbox 557 761 970 827; x_wconf 80' lang='lat' dir='ltr'>describitur</span> <span class='ocrx_word' id='word_1_7' title='bbox 1004 760 1216 825; x_wconf 86' lang='lat' dir='ltr'>etiam</span> <span class='ocrx_word' id='word_1_8' title='bbox 1255 759 1525 842; x_wconf 76' lang='lat' dir='ltr'>passim·</span> <span class='ocrx_word' id='word_1_9' title='bbox 1549 759 1620 822; x_wconf 86' lang='lat' dir='ltr'>in</span> <span class='ocrx_word' id='word_1_10' title='bbox 1657 757 1942 838; x_wconf 81' lang='lat' dir='ltr'>Verb03</span> <span class='ocrx_word' id='word_1_11' title='bbox 1988 767 2065 822; x_wconf 91' lang='lat' dir='ltr'>ut</span> <span class='ocrx_word' id='word_1_12' title='bbox 2104 759 2283 841; x_wconf 91' lang='lat' dir='ltr'>apud</span> <span class='ocrx_word' id='word_1_13' title='bbox 2322 757 2744 832; x_wconf 74' lang='lat' dir='ltr'>Jeremiasn:</span> 
     </span>
    </p>
   </div>
   <div class='ocr_carea' id='block_1_3' title="bbox 659 892 2809 1156">
    <p class='ocr_par' dir='ltr' id='par_1_3' title="bbox 659 892 2809 1156">
     <span class='ocr_line' id='line_1_3' title="bbox 659 892 2799 959; baseline -0.001 -12"><span class='ocrx_word' id='word_1_14' title='bbox 659 896 895 948; x_wconf 80' lang='lat' dir='ltr'>“ludam</span> <span class='ocrx_word' id='word_1_15' title='bbox 921 896 1096 959; x_wconf 73' lang='lat' dir='ltr'>legem</span> <span class='ocrx_word' id='word_1_16' title='bbox 1121 909 1298 946; x_wconf 79' lang='lat' dir='ltr'>meam</span> <span class='ocrx_word' id='word_1_17' title='bbox 1325 895 1496 944; x_wconf 86' lang='lat' dir='ltr'>menti</span> <span class='ocrx_word' id='word_1_18' title='bbox 1519 907 1723 944; x_wconf 84' lang='lat' dir='ltr'>eorum.</span> <span class='ocrx_word' id='word_1_19' title='bbox 1750 902 1804 943; x_wconf 83' lang='lat' dir='ltr'>et</span> <span class='ocrx_word' id='word_1_20' title='bbox 1828 893 1974 942; x_wconf 84' lang='lat' dir='ltr'>cordi</span> <span class='ocrx_word' id='word_1_21' title='bbox 1998 907 2185 942; x_wconf 84' lang='lat' dir='ltr'>eorum</span> <span class='ocrx_word' id='word_1_22' title='bbox 2210 892 2499 942; x_wconf 77' lang='lat' dir='ltr'>inscribam</span> <span class='ocrx_word' id='word_1_23' title='bbox 2519 905 2639 942; x_wconf 86' lang='lat' dir='ltr'>eam</span> <span class='ocrx_word' id='word_1_24' title='bbox 2660 907 2697 952; x_wconf 83' lang='lat'>;.</span> <span class='ocrx_word' id='word_1_25' title='bbox 2718 930 2731 943; x_wconf 91' lang='lat'>.</span> <span class='ocrx_word' id='word_1_26' title='bbox 2751 930 2766 943; x_wconf 92' lang='lat'><strong>.</strong></span> <span class='ocrx_word' id='word_1_27' title='bbox 2786 931 2799 944; x_wconf 90' lang='lat'>.</span> 
     </span>
     <span class='ocr_line' id='line_1_4' title="bbox 823 959 2807 1023; baseline -0.002 -11"><span class='ocrx_word' id='word_1_28' title='bbox 823 977 934 1012; x_wconf 87' lang='lat' dir='ltr'>non</span> <span class='ocrx_word' id='word_1_29' title='bbox 963 963 1236 1012; x_wconf 86' lang='lat' dir='ltr'>docebunt</span> <span class='ocrx_word' id='word_1_30' title='bbox 1263 961 1496 1023; x_wconf 84' lang='lat' dir='ltr'>amplius</span> <span class='ocrx_word' id='word_1_31' title='bbox 1526 961 1813 1022; x_wconf 78' lang='lat' dir='ltr'>quisquam</span> <span class='ocrx_word' id='word_1_32' title='bbox 1842 960 2079 1009; x_wconf 86' lang='lat' dir='ltr'>amicum</span> <span class='ocrx_word' id='word_1_33' title='bbox 2108 973 2281 1016; x_wconf 84' lang='lat' dir='ltr'>suum,</span> <span class='ocrx_word' id='word_1_34' title='bbox 2307 969 2362 1008; x_wconf 83' lang='lat' dir='ltr'>et</span> <span class='ocrx_word' id='word_1_35' title='bbox 2390 959 2671 1022; x_wconf 83' lang='lat' dir='ltr'>quisquam</span> <span class='ocrx_word' id='word_1_36' title='bbox 2703 959 2807 1008; x_wconf 72' lang='lat' dir='ltr'>fra-</span> 
     </span>
     <span class='ocr_line' id='line_1_5' title="bbox 823 1024 2809 1110; baseline -0.002 -33"><span class='ocrx_word' id='word_1_37' title='bbox 823 1036 960 1077; x_wconf 87' lang='lat' dir='ltr'>trem</span> <span class='ocrx_word' id='word_1_38' title='bbox 997 1041 1170 1086; x_wconf 85' lang='lat' dir='ltr'>suum,</span> <span class='ocrx_word' id='word_1_39' title='bbox 1207 1026 1455 1084; x_wconf 80' lang='lat' dir='ltr'>dicende,</span> <span class='ocrx_word' id='word_1_40' title='bbox 1493 1025 1825 1088; x_wconf 76' lang='lat' dir='ltr'>cognoscite</span> <span class='ocrx_word' id='word_1_41' title='bbox 1859 1024 2141 1088; x_wconf 82' lang='lat' dir='ltr'>Jehovam,</span> <span class='ocrx_word' id='word_1_42' title='bbox 2176 1039 2303 1074; x_wconf 88' lang='lat' dir='ltr'>nam</span> <span class='ocrx_word' id='word_1_43' title='bbox 2351 1035 2615 1110; x_wconf 76' lang='lat' dir='ltr'>quotquot</span> <span class='ocrx_word' id='word_1_44' title='bbox 2649 1034 2809 1074; x_wconf 86' lang='lat' dir='ltr'>erunt</span> 
     </span>
     <span class='ocr_line' id='line_1_6' title="bbox 821 1089 2805 1156; baseline -0.003 -13"><span class='ocrx_word' id='word_1_45' title='bbox 821 1101 1155 1156; x_wconf 81' lang='lat' dir='ltr'>cognoscent</span> <span class='ocrx_word' id='word_1_46' title='bbox 1185 1091 1295 1151; x_wconf 86' lang='lat' dir='ltr'>Me,</span> <span class='ocrx_word' id='word_1_47' title='bbox 1319 1107 1356 1141; x_wconf 79' lang='lat' dir='ltr'>a</span> <span class='ocrx_word' id='word_1_48' title='bbox 1381 1092 1610 1142; x_wconf 87' lang='lat' dir='ltr'>minimo</span> <span class='ocrx_word' id='word_1_49' title='bbox 1636 1105 1826 1140; x_wconf 83' lang='lat' dir='ltr'>eorum</span> <span class='ocrx_word' id='word_1_50' title='bbox 1858 1091 1927 1140; x_wconf 86' lang='lat' dir='ltr'>ad</span> <span class='ocrx_word' id='word_1_51' title='bbox 1956 1091 2252 1140; x_wconf 81' lang='lat' dir='ltr'>maximum</span> <span class='ocrx_word' id='word_1_52' title='bbox 2278 1089 2497 1140; x_wconf 77' lang='lat' dir='ltr'>eorum·</span> <span class='ocrx_word' id='word_1_53' title='bbox 2532 1090 2697 1152; x_wconf 86' lang='lat' dir='ltr'>(xxxi.</span> <span class='ocrx_word' id='word_1_54' title='bbox 2725 1101 2805 1150; x_wconf 86' lang='lat'>33,</span> 
     </span>
    </p>
   </div>
   <div class='ocr_carea' id='block_1_4' title="bbox 561 1159 1359 1377">
    <p class='ocr_par' dir='ltr' id='par_1_4' title="bbox 561 1159 1359 1377">
     <span class='ocr_line' id='line_1_7' title="bbox 821 1159 924 1222; baseline 0.01 -1"><span class='ocrx_word' id='word_1_55' title='bbox 821 1159 924 1222; x_wconf 83' lang='lat'>34)-</span> 
     </span>
     <span class='ocr_line' id='line_1_8' title="bbox 561 1289 1359 1377; baseline -0.004 -20"><span class='ocrx_word' id='word_1_56' title='bbox 561 1292 657 1358; x_wconf 91' lang='lat' dir='ltr'>Et</span> <span class='ocrx_word' id='word_1_57' title='bbox 694 1293 877 1377; x_wconf 89' lang='lat' dir='ltr'>apud</span> <span class='ocrx_word' id='word_1_58' title='bbox 913 1289 1359 1368; x_wconf 80' lang='lat' dir='ltr'>Matthaeum,</span> 
     </span>
    </p>
   </div>
   <div class='ocr_carea' id='block_1_5' title="bbox 661 1417 2810 1551">
    <p class='ocr_par' dir='ltr' id='par_1_5' title="bbox 661 1417 2810 1551">
     <span class='ocr_line' id='line_1_9' title="bbox 661 1417 2810 1551; baseline -0.002 -79"><span class='ocrx_word' id='word_1_59' title='bbox 661 1425 688 1444; x_wconf 92' lang='grc'>“</span> <span class='ocrx_word' id='word_1_60' title='bbox 703 1421 894 1546; x_wconf 56' lang='lat' dir='ltr'>Seripvo</span> <span class='ocrx_word' id='word_1_61' title='bbox 917 1431 1099 1551; x_wconf 50' lang='grc' dir='ltr'>ζῗξξῗι·</span> <span class='ocrx_word' id='word_1_62' title='bbox 1122 1419 1346 1481; x_wconf 84' lang='lat' dir='ltr'>erit,1ta</span> <span class='ocrx_word' id='word_1_63' title='bbox 1369 1421 1460 1481; x_wconf 86' lang='lat' dir='ltr'>ita,</span> <span class='ocrx_word' id='word_1_64' title='bbox 1481 1419 1605 1472; x_wconf 85' lang='lat' dir='ltr'>Non</span> <span class='ocrx_word' id='word_1_65' title='bbox 1631 1434 1778 1480; x_wconf 87' lang='lat' dir='ltr'>non;</span> <span class='ocrx_word' id='word_1_66' title='bbox 1814 1421 1957 1484; x_wconf 89' lang='lat' dir='ltr'>quod</span> <span class='ocrx_word' id='word_1_67' title='bbox 1984 1419 2125 1469; x_wconf 80' lang='lat' dir='ltr'>ultra</span> <span class='ocrx_word' id='word_1_68' title='bbox 2146 1419 2281 1468; x_wconf 78' lang='lat' dir='ltr'>haec</span> <span class='ocrx_word' id='word_1_69' title='bbox 2304 1428 2403 1477; x_wconf 84' lang='lat' dir='ltr'>est,</span> <span class='ocrx_word' id='word_1_70' title='bbox 2428 1431 2496 1468; x_wconf 81' lang='lat' dir='ltr'>ex</span> <span class='ocrx_word' id='word_1_71' title='bbox 2513 1419 2658 1468; x_wconf 87' lang='lat' dir='ltr'>malo</span> <span class='ocrx_word' id='word_1_72' title='bbox 2681 1429 2765 1467; x_wconf 77' lang='lat' dir='ltr'>est</span> <span class='ocrx_word' id='word_1_73' title='bbox 2779 1417 2810 1439; x_wconf 89' lang='lat'><strong>”</strong></span> 
     </span>
    </p>
   </div>
   <div class='ocr_carea' id='block_1_6' title="bbox 557 1626 2811 4094">
    <p class='ocr_par' dir='ltr' id='par_1_6' title="bbox 557 1626 2806 2074">
     <span class='ocr_line' id='line_1_10' title="bbox 559 1626 2806 1711; baseline -0.001 -19"><span class='ocrx_word' id='word_1_74' title='bbox 559 1628 743 1711; x_wconf 87' lang='lat' dir='ltr'>quod</span> <span class='ocrx_word' id='word_1_75' title='bbox 777 1647 868 1690; x_wconf 85' lang='lat' dir='ltr'>ex</span> <span class='ocrx_word' id='word_1_76' title='bbox 901 1626 1086 1692; x_wconf 89' lang='lat' dir='ltr'>malo</span> <span class='ocrx_word' id='word_1_77' title='bbox 1119 1627 1208 1691; x_wconf 92' lang='lat' dir='ltr'>sit</span> <span class='ocrx_word' id='word_1_78' title='bbox 1233 1627 1417 1710; x_wconf 91' lang='lat' dir='ltr'>quod</span> <span class='ocrx_word' id='word_1_79' title='bbox 1449 1626 1632 1691; x_wconf 84' lang='lat' dir='ltr'>ultra</span> <span class='ocrx_word' id='word_1_80' title='bbox 1663 1627 1806 1702; x_wconf 88' lang='lat' dir='ltr'>illa,</span> <span class='ocrx_word' id='word_1_81' title='bbox 1835 1635 1944 1691; x_wconf 89' lang='lat' dir='ltr'>est</span> <span class='ocrx_word' id='word_1_82' title='bbox 1976 1627 2135 1710; x_wconf 90' lang='lat' dir='ltr'>quia</span> <span class='ocrx_word' id='word_1_83' title='bbox 2168 1646 2307 1690; x_wconf 87' lang='lat' dir='ltr'>non</span> <span class='ocrx_word' id='word_1_84' title='bbox 2338 1649 2431 1691; x_wconf 85' lang='lat' dir='ltr'>ex</span> <span class='ocrx_word' id='word_1_85' title='bbox 2464 1627 2806 1705; x_wconf 89' lang='lat' dir='ltr'>Domino;</span> 
     </span>
     <span class='ocr_line' id='line_1_11' title="bbox 558 1722 2805 1806; baseline 0 -21"><span class='ocrx_word' id='word_1_86' title='bbox 558 1742 717 1786; x_wconf 90' lang='lat' dir='ltr'>nam</span> <span class='ocrx_word' id='word_1_87' title='bbox 749 1743 912 1786; x_wconf 87' lang='lat' dir='ltr'>vera</span> <span class='ocrx_word' id='word_1_88' title='bbox 945 1743 1120 1806; x_wconf 89' lang='lat' dir='ltr'>quae</span> <span class='ocrx_word' id='word_1_89' title='bbox 1153 1723 1384 1785; x_wconf 86' lang='lat' dir='ltr'>insunt</span> <span class='ocrx_word' id='word_1_90' title='bbox 1415 1722 1682 1804; x_wconf 87' lang='lat' dir='ltr'>angelis</span> <span class='ocrx_word' id='word_1_91' title='bbox 1715 1724 1902 1787; x_wconf 90' lang='lat' dir='ltr'>tertii</span> <span class='ocrx_word' id='word_1_92' title='bbox 1932 1723 2124 1798; x_wconf 88' lang='lat' dir='ltr'>caeli,</span> <span class='ocrx_word' id='word_1_93' title='bbox 2149 1733 2311 1788; x_wconf 90' lang='lat' dir='ltr'>sunt</span> <span class='ocrx_word' id='word_1_94' title='bbox 2348 1744 2438 1786; x_wconf 85' lang='lat' dir='ltr'>ex</span> <span class='ocrx_word' id='word_1_95' title='bbox 2480 1722 2805 1797; x_wconf 90' lang='lat' dir='ltr'>Domin0,</span> 
     </span>
     <span class='ocr_line' id='line_1_12' title="bbox 557 1818 2806 1901; baseline 0 -20"><span class='ocrx_word' id='word_1_96' title='bbox 557 1818 716 1901; x_wconf 90' lang='lat' dir='ltr'>quia</span> <span class='ocrx_word' id='word_1_97' title='bbox 760 1820 830 1882; x_wconf 88' lang='lat' dir='ltr'>in</span> <span class='ocrx_word' id='word_1_98' title='bbox 867 1837 1102 1882; x_wconf 87' lang='lat' dir='ltr'>amore</span> <span class='ocrx_word' id='word_1_99' title='bbox 1147 1819 1216 1882; x_wconf 88' lang='lat' dir='ltr'>in</span> <span class='ocrx_word' id='word_1_100' title='bbox 1256 1818 1490 1900; x_wconf 89' lang='lat' dir='ltr'>Ipsum</span> <span class='ocrx_word' id='word_1_101' title='bbox 1536 1828 1744 1886; x_wconf 87' lang='lat' dir='ltr'>sunt:</span> <span class='ocrx_word' id='word_1_102' title='bbox 1804 1837 1995 1883; x_wconf 87' lang='lat' dir='ltr'>amor</span> <span class='ocrx_word' id='word_1_103' title='bbox 2041 1819 2107 1882; x_wconf 91' lang='lat' dir='ltr'>in</span> <span class='ocrx_word' id='word_1_104' title='bbox 2147 1819 2520 1882; x_wconf 88' lang='lat' dir='ltr'>Dominum</span> <span class='ocrx_word' id='word_1_105' title='bbox 2568 1820 2635 1883; x_wconf 88' lang='lat' dir='ltr'>in</span> <span class='ocrx_word' id='word_1_106' title='bbox 2682 1819 2806 1882; x_wconf 91' lang='lat' dir='ltr'>illo</span> 
     </span>
     <span class='ocr_line' id='line_1_13' title="bbox 557 1913 2806 1990; baseline 0 -11"><span class='ocrx_word' id='word_1_107' title='bbox 557 1913 756 1979; x_wconf 89' lang='lat' dir='ltr'>caelo</span> <span class='ocrx_word' id='word_1_108' title='bbox 800 1925 910 1979; x_wconf 88' lang='lat' dir='ltr'>est</span> <span class='ocrx_word' id='word_1_109' title='bbox 958 1914 1138 1978; x_wconf 90' lang='lat' dir='ltr'>velle</span> <span class='ocrx_word' id='word_1_110' title='bbox 1183 1923 1257 1978; x_wconf 90' lang='lat' dir='ltr'>et</span> <span class='ocrx_word' id='word_1_111' title='bbox 1300 1913 1527 1978; x_wconf 83' lang='lat' dir='ltr'>facere</span> <span class='ocrx_word' id='word_1_112' title='bbox 1575 1914 1901 1978; x_wconf 89' lang='lat' dir='ltr'>Divinum</span> <span class='ocrx_word' id='word_1_113' title='bbox 1948 1914 2233 1990; x_wconf 88' lang='lat' dir='ltr'>Verum,</span> <span class='ocrx_word' id='word_1_114' title='bbox 2276 1934 2434 1979; x_wconf 88' lang='lat' dir='ltr'>nam</span> <span class='ocrx_word' id='word_1_115' title='bbox 2482 1916 2806 1980; x_wconf 88' lang='lat' dir='ltr'>Divinum</span> 
     </span>
     <span class='ocr_line' id='line_1_14' title="bbox 558 2009 1701 2074; baseline 0.001 -2"><span class='ocrx_word' id='word_1_116' title='bbox 558 2009 817 2074; x_wconf 90' lang='lat' dir='ltr'>Verum</span> <span class='ocrx_word' id='word_1_117' title='bbox 856 2019 964 2074; x_wconf 89' lang='lat' dir='ltr'>est</span> <span class='ocrx_word' id='word_1_118' title='bbox 1005 2009 1340 2074; x_wconf 83' lang='lat' dir='ltr'>Dominus</span> <span class='ocrx_word' id='word_1_119' title='bbox 1377 2011 1446 2072; x_wconf 89' lang='lat' dir='ltr'>in</span> <span class='ocrx_word' id='word_1_120' title='bbox 1485 2009 1701 2073; x_wconf 87' lang='lat' dir='ltr'>caelo.</span> 
     </span>
    </p>

    <p class='ocr_par' dir='ltr' id='par_1_7' title="bbox 557 2103 2811 4094">
     <span class='ocr_line' id='line_1_15' title="bbox 685 2103 2805 2189; baseline 0.001 -20"><span class='ocrx_word' id='word_1_121' title='bbox 685 2118 868 2187; x_wconf 72' lang='lat'>272·</span> <span class='ocrx_word' id='word_1_122' title='bbox 928 2103 1132 2186; x_wconf 85' lang='lat' dir='ltr'>Quod</span> <span class='ocrx_word' id='word_1_123' title='bbox 1170 2105 1401 2186; x_wconf 86' lang='lat' dir='ltr'><strong>angeli</strong></span> <span class='ocrx_word' id='word_1_124' title='bbox 1440 2114 1714 2169; x_wconf 84' lang='lat' dir='ltr'><strong>tantam</strong></span> <span class='ocrx_word' id='word_1_125' title='bbox 1740 2105 2151 2188; x_wconf 82' lang='lat' dir='ltr'>sapientiam</span> <span class='ocrx_word' id='word_1_126' title='bbox 2176 2107 2476 2188; x_wconf 76' lang='lat' dir='ltr'>reprere</span> <span class='ocrx_word' id='word_1_127' title='bbox 2514 2107 2805 2189; x_wconf 87' lang='lat' dir='ltr'>possint,</span> 
     </span>
     <span class='ocr_line' id='line_1_16' title="bbox 560 2200 2809 2284; baseline 0.001 -21"><span class='ocrx_word' id='word_1_128' title='bbox 560 2200 647 2263; x_wconf 90' lang='lat' dir='ltr'>ad</span> <span class='ocrx_word' id='word_1_129' title='bbox 687 2220 934 2264; x_wconf 87' lang='lat' dir='ltr'>causas</span> <span class='ocrx_word' id='word_1_130' title='bbox 973 2221 1178 2282; x_wconf 87' lang='lat' dir='ltr'>supra</span> <span class='ocrx_word' id='word_1_131' title='bbox 1213 2200 1464 2265; x_wconf 87' lang='lat' dir='ltr'>allatas</span> <span class='ocrx_word' id='word_1_132' title='bbox 1500 2201 1776 2264; x_wconf 89' lang='lat' dir='ltr'>accedit</span> <span class='ocrx_word' id='word_1_133' title='bbox 1814 2200 2008 2269; x_wconf 82' lang='lat' dir='ltr'>haec.</span> <span class='ocrx_word' id='word_1_134' title='bbox 2043 2222 2217 2284; x_wconf 86' lang='lat' dir='ltr'>quae</span> <span class='ocrx_word' id='word_1_135' title='bbox 2256 2204 2467 2266; x_wconf 88' lang='lat' dir='ltr'>etiam</span> <span class='ocrx_word' id='word_1_136' title='bbox 2506 2205 2574 2265; x_wconf 89' lang='lat' dir='ltr'>in</span> <span class='ocrx_word' id='word_1_137' title='bbox 2614 2202 2809 2266; x_wconf 90' lang='lat' dir='ltr'>caelo</span> 
     </span>
     <span class='ocr_line' id='line_1_17' title="bbox 557 2295 2805 2380; baseline 0.001 -22"><span class='ocrx_word' id='word_1_138' title='bbox 557 2297 872 2378; x_wconf 88' lang='lat' dir='ltr'>primaria</span> <span class='ocrx_word' id='word_1_139' title='bbox 918 2303 1048 2370; x_wconf 86' lang='lat' dir='ltr'>est,</span> <span class='ocrx_word' id='word_1_140' title='bbox 1089 2295 1273 2378; x_wconf 90' lang='lat' dir='ltr'>quod</span> <span class='ocrx_word' id='word_1_141' title='bbox 1311 2295 1568 2377; x_wconf 85' lang='lat' dir='ltr'>absque</span> <span class='ocrx_word' id='word_1_142' title='bbox 1614 2315 1849 2360; x_wconf 91' lang='lat' dir='ltr'>amore</span> <span class='ocrx_word' id='word_1_143' title='bbox 1896 2296 1997 2359; x_wconf 89' lang='lat' dir='ltr'>sui</span> <span class='ocrx_word' id='word_1_144' title='bbox 2046 2298 2223 2374; x_wconf 89' lang='lat' dir='ltr'>sint;</span> <span class='ocrx_word' id='word_1_145' title='bbox 2275 2316 2432 2360; x_wconf 89' lang='lat' dir='ltr'>nam</span> <span class='ocrx_word' id='word_1_146' title='bbox 2471 2305 2805 2380; x_wconf 89' lang='lat' dir='ltr'>quantum</span> 
     </span>
     <span class='ocr_line' id='line_1_18' title="bbox 559 2390 2804 2475; baseline 0.002 -22"><span class='ocrx_word' id='word_1_147' title='bbox 559 2393 710 2474; x_wconf 88' lang='lat' dir='ltr'>quis</span> <span class='ocrx_word' id='word_1_148' title='bbox 749 2390 1006 2474; x_wconf 84' lang='lat' dir='ltr'>absque</span> <span class='ocrx_word' id='word_1_149' title='bbox 1043 2390 1164 2454; x_wconf 89' lang='lat' dir='ltr'>illo</span> <span class='ocrx_word' id='word_1_150' title='bbox 1201 2409 1434 2454; x_wconf 89' lang='lat' dir='ltr'>amore</span> <span class='ocrx_word' id='word_1_151' title='bbox 1473 2399 1603 2467; x_wconf 89' lang='lat' dir='ltr'>est,</span> <span class='ocrx_word' id='word_1_152' title='bbox 1640 2400 1916 2455; x_wconf 88' lang='lat' dir='ltr'>tantum</span> <span class='ocrx_word' id='word_1_153' title='bbox 1954 2393 2022 2455; x_wconf 89' lang='lat' dir='ltr'>in</span> <span class='ocrx_word' id='word_1_154' title='bbox 2064 2391 2329 2456; x_wconf 87' lang='lat' dir='ltr'>Divinis</span> <span class='ocrx_word' id='word_1_155' title='bbox 2362 2413 2603 2474; x_wconf 88' lang='lat' dir='ltr'>sapere</span> <span class='ocrx_word' id='word_1_156' title='bbox 2649 2404 2804 2475; x_wconf 89' lang='lat' dir='ltr'>pot-</span> 
     </span>
     <span class='ocr_line' id='line_1_19' title="bbox 558 2485 2805 2568; baseline 0 -18"><span class='ocrx_word' id='word_1_157' title='bbox 558 2496 707 2551; x_wconf 88' lang='lat' dir='ltr'>est:</span> <span class='ocrx_word' id='word_1_158' title='bbox 755 2486 873 2551; x_wconf 90' lang='lat' dir='ltr'>ille</span> <span class='ocrx_word' id='word_1_159' title='bbox 910 2506 1104 2550; x_wconf 90' lang='lat' dir='ltr'>amor</span> <span class='ocrx_word' id='word_1_160' title='bbox 1125 2496 1235 2550; x_wconf 91' lang='lat' dir='ltr'>est</span> <span class='ocrx_word' id='word_1_161' title='bbox 1273 2487 1386 2568; x_wconf 91' lang='lat' dir='ltr'>qui</span> <span class='ocrx_word' id='word_1_162' title='bbox 1424 2485 1684 2550; x_wconf 86' lang='lat' dir='ltr'>claudit</span> <span class='ocrx_word' id='word_1_163' title='bbox 1716 2488 2045 2550; x_wconf 89' lang='lat' dir='ltr'>interiora</span> <span class='ocrx_word' id='word_1_164' title='bbox 2080 2487 2167 2550; x_wconf 92' lang='lat' dir='ltr'>ad</span> <span class='ocrx_word' id='word_1_165' title='bbox 2207 2487 2577 2552; x_wconf 87' lang='lat' dir='ltr'>Dominum</span> <span class='ocrx_word' id='word_1_166' title='bbox 2614 2497 2687 2554; x_wconf 89' lang='lat' dir='ltr'>et</span> <span class='ocrx_word' id='word_1_167' title='bbox 2718 2489 2805 2552; x_wconf 94' lang='lat' dir='ltr'>ad</span> 
     </span>
     <span class='ocr_line' id='line_1_20' title="bbox 559 2581 2811 2667; baseline 0.001 -21"><span class='ocrx_word' id='word_1_168' title='bbox 559 2581 850 2659; x_wconf 84' lang='lat' dir='ltr'>caelum,</span> <span class='ocrx_word' id='word_1_169' title='bbox 878 2592 952 2647; x_wconf 90' lang='lat' dir='ltr'>et</span> <span class='ocrx_word' id='word_1_170' title='bbox 988 2583 1210 2666; x_wconf 89' lang='lat' dir='ltr'>aperit</span> <span class='ocrx_word' id='word_1_171' title='bbox 1241 2583 1592 2646; x_wconf 82' lang='lat' dir='ltr'>exteriora</span> <span class='ocrx_word' id='word_1_172' title='bbox 1629 2591 1703 2646; x_wconf 92' lang='lat' dir='ltr'>et</span> <span class='ocrx_word' id='word_1_173' title='bbox 1742 2603 1823 2646; x_wconf 89' lang='lat' dir='ltr'>ea</span> <span class='ocrx_word' id='word_1_174' title='bbox 1852 2584 2065 2647; x_wconf 88' lang='lat' dir='ltr'>vertit</span> <span class='ocrx_word' id='word_1_175' title='bbox 2102 2584 2189 2646; x_wconf 91' lang='lat' dir='ltr'>ad</span> <span class='ocrx_word' id='word_1_176' title='bbox 2230 2604 2343 2665; x_wconf 84' lang='lat' dir='ltr'>se;</span> <span class='ocrx_word' id='word_1_177' title='bbox 2390 2592 2811 2667; x_wconf 87' lang='lat' dir='ltr'>quapropter</span> 
     </span>
     <span class='ocr_line' id='line_1_21' title="bbox 558 2678 2811 2763; baseline -0 -19"><span class='ocrx_word' id='word_1_178' title='bbox 558 2699 802 2744; x_wconf 90' lang='lat' dir='ltr'>omnes</span> <span class='ocrx_word' id='word_1_179' title='bbox 863 2679 984 2757; x_wconf 92' lang='lat' dir='ltr'>illi,</span> <span class='ocrx_word' id='word_1_180' title='bbox 1026 2680 1207 2763; x_wconf 88' lang='lat' dir='ltr'>apud</span> <span class='ocrx_word' id='word_1_181' title='bbox 1266 2698 1438 2763; x_wconf 90' lang='lat' dir='ltr'>quos</span> <span class='ocrx_word' id='word_1_182' title='bbox 1497 2678 1614 2743; x_wconf 89' lang='lat' dir='ltr'>ille</span> <span class='ocrx_word' id='word_1_183' title='bbox 1673 2698 1869 2743; x_wconf 87' lang='lat' dir='ltr'>amor</span> <span class='ocrx_word' id='word_1_184' title='bbox 1925 2681 2345 2756; x_wconf 86' lang='lat' dir='ltr'>dominatur,</span> <span class='ocrx_word' id='word_1_185' title='bbox 2386 2682 2452 2743; x_wconf 89' lang='lat' dir='ltr'>in</span> <span class='ocrx_word' id='word_1_186' title='bbox 2514 2680 2811 2763; x_wconf 86' lang='lat' dir='ltr'>caligine</span> 
     </span>
     <span class='ocr_line' id='line_1_22' title="bbox 559 2774 2809 2859; baseline -0 -20"><span class='ocrx_word' id='word_1_187' title='bbox 559 2786 722 2841; x_wconf 88' lang='lat' dir='ltr'>sunt</span> <span class='ocrx_word' id='word_1_188' title='bbox 765 2776 993 2858; x_wconf 87' lang='lat' dir='ltr'>quoad</span> <span class='ocrx_word' id='word_1_189' title='bbox 1039 2774 1163 2838; x_wconf 90' lang='lat' dir='ltr'>illa</span> <span class='ocrx_word' id='word_1_190' title='bbox 1204 2794 1382 2859; x_wconf 90' lang='lat' dir='ltr'>quae</span> <span class='ocrx_word' id='word_1_191' title='bbox 1427 2774 1604 2839; x_wconf 87' lang='lat' dir='ltr'>caeli</span> <span class='ocrx_word' id='word_1_192' title='bbox 1650 2784 1835 2851; x_wconf 89' lang='lat' dir='ltr'>sunt,</span> <span class='ocrx_word' id='word_1_193' title='bbox 1874 2784 2223 2858; x_wconf 86' lang='lat' dir='ltr'>utcunque</span> <span class='ocrx_word' id='word_1_194' title='bbox 2268 2777 2335 2838; x_wconf 87' lang='lat' dir='ltr'>in</span> <span class='ocrx_word' id='word_1_195' title='bbox 2382 2775 2535 2839; x_wconf 89' lang='lat' dir='ltr'>luce</span> <span class='ocrx_word' id='word_1_196' title='bbox 2580 2776 2809 2859; x_wconf 92' lang='lat' dir='ltr'>quoad</span> 
     </span>
     <span class='ocr_line' id='line_1_23' title="bbox 557 2868 2809 2954; baseline 0 -21"><span class='ocrx_word' id='word_1_197' title='bbox 557 2870 678 2934; x_wconf 88' lang='lat' dir='ltr'>illa</span> <span class='ocrx_word' id='word_1_198' title='bbox 708 2891 882 2953; x_wconf 90' lang='lat' dir='ltr'>quae</span> <span class='ocrx_word' id='word_1_199' title='bbox 915 2871 1148 2934; x_wconf 88' lang='lat' dir='ltr'>mundi</span> <span class='ocrx_word' id='word_1_200' title='bbox 1181 2879 1364 2934; x_wconf 87' lang='lat' dir='ltr'>sunt.</span> <span class='ocrx_word' id='word_1_201' title='bbox 1452 2868 1715 2951; x_wconf 84' lang='lat' dir='ltr'>Angeli</span> <span class='ocrx_word' id='word_1_202' title='bbox 1747 2879 1975 2934; x_wconf 90' lang='lat' dir='ltr'>autem</span> <span class='ocrx_word' id='word_1_203' title='bbox 2008 2872 2328 2945; x_wconf 89' lang='lat' dir='ltr'>vicissim,</span> <span class='ocrx_word' id='word_1_204' title='bbox 2362 2872 2517 2953; x_wconf 89' lang='lat' dir='ltr'>quia</span> <span class='ocrx_word' id='word_1_205' title='bbox 2550 2871 2809 2954; x_wconf 88' lang='lat' dir='ltr'>absque</span> 
     </span>
     <span class='ocr_line' id='line_1_24' title="bbox 559 2964 2807 3048; baseline -0.001 -18"><span class='ocrx_word' id='word_1_206' title='bbox 559 2987 794 3031; x_wconf 90' lang='lat' dir='ltr'>amore</span> <span class='ocrx_word' id='word_1_207' title='bbox 857 2965 976 3029; x_wconf 89' lang='lat' dir='ltr'>illo</span> <span class='ocrx_word' id='word_1_208' title='bbox 1031 2974 1214 3039; x_wconf 90' lang='lat' dir='ltr'>sunt,</span> <span class='ocrx_word' id='word_1_209' title='bbox 1263 2966 1331 3028; x_wconf 87' lang='lat' dir='ltr'>in</span> <span class='ocrx_word' id='word_1_210' title='bbox 1392 2964 1544 3029; x_wconf 89' lang='lat' dir='ltr'>luce</span> <span class='ocrx_word' id='word_1_211' title='bbox 1597 2966 1979 3048; x_wconf 87' lang='lat' dir='ltr'>sapientiae</span> <span class='ocrx_word' id='word_1_212' title='bbox 2034 2977 2238 3043; x_wconf 89' lang='lat' dir='ltr'>sunt;</span> <span class='ocrx_word' id='word_1_213' title='bbox 2301 2986 2572 3029; x_wconf 89' lang='lat' dir='ltr'>amores</span> <span class='ocrx_word' id='word_1_214' title='bbox 2626 2968 2807 3029; x_wconf 88' lang='lat' dir='ltr'>enim</span> 
     </span>
     <span class='ocr_line' id='line_1_25' title="bbox 560 3061 2809 3144; baseline 0 -19"><span class='ocrx_word' id='word_1_215' title='bbox 560 3062 924 3136; x_wconf 87' lang='lat' dir='ltr'>caelestes,</span> <span class='ocrx_word' id='word_1_216' title='bbox 965 3062 1031 3123; x_wconf 90' lang='lat' dir='ltr'>in</span> <span class='ocrx_word' id='word_1_217' title='bbox 1079 3061 1318 3143; x_wconf 89' lang='lat' dir='ltr'>quibus</span> <span class='ocrx_word' id='word_1_218' title='bbox 1365 3070 1548 3135; x_wconf 85' lang='lat' dir='ltr'>sunt,</span> <span class='ocrx_word' id='word_1_219' title='bbox 1588 3063 1703 3144; x_wconf 89' lang='lat' dir='ltr'>qui</span> <span class='ocrx_word' id='word_1_220' title='bbox 1750 3070 1909 3125; x_wconf 88' lang='lat' dir='ltr'>sunt</span> <span class='ocrx_word' id='word_1_221' title='bbox 1948 3080 2139 3124; x_wconf 91' lang='lat' dir='ltr'>amor</span> <span class='ocrx_word' id='word_1_222' title='bbox 2185 3063 2251 3124; x_wconf 87' lang='lat' dir='ltr'>in</span> <span class='ocrx_word' id='word_1_223' title='bbox 2301 3062 2695 3137; x_wconf 89' lang='lat' dir='ltr'>Dominum,</span> <span class='ocrx_word' id='word_1_224' title='bbox 2736 3070 2809 3125; x_wconf 88' lang='lat' dir='ltr'>et</span> 
     </span>
     <span class='ocr_line' id='line_1_26' title="bbox 559 3156 2809 3239; baseline -0 -20"><span class='ocrx_word' id='word_1_225' title='bbox 559 3175 754 3220; x_wconf 90' lang='lat' dir='ltr'>amor</span> <span class='ocrx_word' id='word_1_226' title='bbox 798 3174 964 3237; x_wconf 84' lang='lat' dir='ltr'>erga</span> <span class='ocrx_word' id='word_1_227' title='bbox 1004 3156 1414 3237; x_wconf 85' lang='lat' dir='ltr'>proximum,</span> <span class='ocrx_word' id='word_1_228' title='bbox 1456 3158 1771 3238; x_wconf 89' lang='lat' dir='ltr'>aperiunt</span> <span class='ocrx_word' id='word_1_229' title='bbox 1807 3157 2155 3230; x_wconf 89' lang='lat' dir='ltr'>interiora,</span> <span class='ocrx_word' id='word_1_230' title='bbox 2197 3158 2354 3239; x_wconf 90' lang='lat' dir='ltr'>quia</span> <span class='ocrx_word' id='word_1_231' title='bbox 2398 3158 2494 3219; x_wconf 91' lang='lat' dir='ltr'>illi</span> <span class='ocrx_word' id='word_1_232' title='bbox 2540 3176 2809 3219; x_wconf 88' lang='lat' dir='ltr'>amores</span> 
     </span>
     <span class='ocr_line' id='line_1_27' title="bbox 559 3249 2808 3334; baseline 0 -20"><span class='ocrx_word' id='word_1_233' title='bbox 559 3271 602 3314; x_wconf 92' lang='lat' dir='ltr'>a</span> <span class='ocrx_word' id='word_1_234' title='bbox 639 3249 942 3315; x_wconf 90' lang='lat' dir='ltr'>Domino</span> <span class='ocrx_word' id='word_1_235' title='bbox 979 3260 1162 3327; x_wconf 88' lang='lat' dir='ltr'>sunt,</span> <span class='ocrx_word' id='word_1_236' title='bbox 1202 3260 1276 3314; x_wconf 90' lang='lat' dir='ltr'>et</span> <span class='ocrx_word' id='word_1_237' title='bbox 1323 3252 1390 3313; x_wconf 87' lang='lat' dir='ltr'>in</span> <span class='ocrx_word' id='word_1_238' title='bbox 1439 3251 1578 3313; x_wconf 92' lang='lat' dir='ltr'>illis</span> <span class='ocrx_word' id='word_1_239' title='bbox 1615 3261 1725 3315; x_wconf 92' lang='lat' dir='ltr'>est</span> <span class='ocrx_word' id='word_1_240' title='bbox 1774 3251 1933 3333; x_wconf 87' lang='lat' dir='ltr'>Ipse</span> <span class='ocrx_word' id='word_1_241' title='bbox 1978 3251 2333 3315; x_wconf 87' lang='lat' dir='ltr'>Dominus.</span> <span class='ocrx_word' id='word_1_242' title='bbox 2430 3250 2663 3334; x_wconf 82' lang='lat' dir='ltr'>(Quod</span> <span class='ocrx_word' id='word_1_243' title='bbox 2712 3251 2808 3315; x_wconf 92' lang='lat' dir='ltr'>illi</span> 
     </span>
     <span class='ocr_line' id='line_1_28' title="bbox 559 3345 2809 3423; baseline 0 -14"><span class='ocrx_word' id='word_1_244' title='bbox 559 3364 830 3410; x_wconf 88' lang='lat' dir='ltr'>amores</span> <span class='ocrx_word' id='word_1_245' title='bbox 883 3345 1139 3410; x_wconf 82' lang='lat' dir='ltr'>faciant</span> <span class='ocrx_word' id='word_1_246' title='bbox 1187 3346 1460 3410; x_wconf 89' lang='lat' dir='ltr'>caelum</span> <span class='ocrx_word' id='word_1_247' title='bbox 1519 3348 1587 3409; x_wconf 90' lang='lat' dir='ltr'>in</span> <span class='ocrx_word' id='word_1_248' title='bbox 1648 3348 2019 3423; x_wconf 91' lang='lat' dir='ltr'>communi,</span> <span class='ocrx_word' id='word_1_249' title='bbox 2070 3356 2140 3411; x_wconf 91' lang='lat' dir='ltr'>et</span> <span class='ocrx_word' id='word_1_250' title='bbox 2196 3347 2492 3410; x_wconf 84' lang='lat' dir='ltr'>forment</span> <span class='ocrx_word' id='word_1_251' title='bbox 2540 3346 2809 3411; x_wconf 89' lang='lat' dir='ltr'>caelum</span> 
     </span>
     <span class='ocr_line' id='line_1_29' title="bbox 559 3441 2805 3524; baseline 0 -20"><span class='ocrx_word' id='word_1_252' title='bbox 559 3441 740 3522; x_wconf 90' lang='lat' dir='ltr'>apud</span> <span class='ocrx_word' id='word_1_253' title='bbox 767 3442 1288 3523; x_wconf 88' lang='lat' dir='ltr'>unumquemvis</span> <span class='ocrx_word' id='word_1_254' title='bbox 1317 3443 1384 3504; x_wconf 91' lang='lat' dir='ltr'>in</span> <span class='ocrx_word' id='word_1_255' title='bbox 1418 3442 1833 3524; x_wconf 84' lang='lat' dir='ltr'>particulari,</span> <span class='ocrx_word' id='word_1_256' title='bbox 1858 3442 2175 3506; x_wconf 89' lang='lat' dir='ltr'>videatur</span> <span class='ocrx_word' id='word_1_257' title='bbox 2199 3462 2422 3524; x_wconf 86' lang='lat' dir='ltr'>supra,</span> <span class='ocrx_word' id='word_1_258' title='bbox 2452 3462 2517 3505; x_wconf 92' lang='lat' dir='ltr'>n.</span> <span class='ocrx_word' id='word_1_259' title='bbox 2552 3441 2805 3524; x_wconf 88' lang='lat'>13-19.)</span> 
     </span>
     <span class='ocr_line' id='line_1_30' title="bbox 561 3534 2807 3619; baseline 0 -21"><span class='ocrx_word' id='word_1_260' title='bbox 561 3534 739 3617; x_wconf 85' lang='lat' dir='ltr'>Quia</span> <span class='ocrx_word' id='word_1_261' title='bbox 795 3554 1068 3599; x_wconf 91' lang='lat' dir='ltr'>amores</span> <span class='ocrx_word' id='word_1_262' title='bbox 1127 3535 1471 3601; x_wconf 88' lang='lat' dir='ltr'>caelestes</span> <span class='ocrx_word' id='word_1_263' title='bbox 1518 3539 1833 3619; x_wconf 89' lang='lat' dir='ltr'>aperiunt</span> <span class='ocrx_word' id='word_1_264' title='bbox 1880 3538 2207 3601; x_wconf 85' lang='lat' dir='ltr'>interiora</span> <span class='ocrx_word' id='word_1_265' title='bbox 2264 3538 2349 3601; x_wconf 88' lang='lat' dir='ltr'>ad</span> <span class='ocrx_word' id='word_1_266' title='bbox 2413 3536 2807 3611; x_wconf 88' lang='lat' dir='ltr'>Dominum,</span> 
     </span>
     <span class='ocr_line' id='line_1_31' title="bbox 559 3632 2806 3713; baseline 0 -18"><span class='ocrx_word' id='word_1_267' title='bbox 559 3634 717 3695; x_wconf 89' lang='lat' dir='ltr'>ideo</span> <span class='ocrx_word' id='word_1_268' title='bbox 755 3633 969 3695; x_wconf 89' lang='lat' dir='ltr'>etiam</span> <span class='ocrx_word' id='word_1_269' title='bbox 1008 3650 1250 3695; x_wconf 88' lang='lat' dir='ltr'>omnes</span> <span class='ocrx_word' id='word_1_270' title='bbox 1280 3632 1514 3713; x_wconf 88' lang='lat' dir='ltr'>angeli</span> <span class='ocrx_word' id='word_1_271' title='bbox 1543 3642 1827 3697; x_wconf 88' lang='lat' dir='ltr'>vertunt</span> <span class='ocrx_word' id='word_1_272' title='bbox 1866 3632 2075 3697; x_wconf 84' lang='lat' dir='ltr'>facies</span> <span class='ocrx_word' id='word_1_273' title='bbox 2114 3652 2271 3695; x_wconf 89' lang='lat' dir='ltr'>suas</span> <span class='ocrx_word' id='word_1_274' title='bbox 2308 3632 2396 3695; x_wconf 91' lang='lat' dir='ltr'>ad</span> <span class='ocrx_word' id='word_1_275' title='bbox 2436 3632 2806 3695; x_wconf 88' lang='lat' dir='ltr'>Dominum</span> 
     </span>
     <span class='ocr_line' id='line_1_32' title="bbox 563 3725 2807 3811; baseline 0 -22"><span class='ocrx_word' id='word_1_276' title='bbox 563 3726 658 3809; x_wconf 87' lang='lat' dir='ltr'>(n.</span> <span class='ocrx_word' id='word_1_277' title='bbox 708 3725 903 3808; x_wconf 85' lang='lat'>142);</span> <span class='ocrx_word' id='word_1_278' title='bbox 971 3727 1040 3789; x_wconf 90' lang='lat' dir='ltr'>in</span> <span class='ocrx_word' id='word_1_279' title='bbox 1098 3728 1356 3791; x_wconf 90' lang='lat' dir='ltr'>mundo</span> <span class='ocrx_word' id='word_1_280' title='bbox 1416 3728 1598 3791; x_wconf 91' lang='lat' dir='ltr'>enim</span> <span class='ocrx_word' id='word_1_281' title='bbox 1653 3727 1991 3811; x_wconf 85' lang='lat' dir='ltr'>spirituali</span> <span class='ocrx_word' id='word_1_282' title='bbox 2036 3736 2146 3791; x_wconf 89' lang='lat' dir='ltr'>est</span> <span class='ocrx_word' id='word_1_283' title='bbox 2200 3747 2393 3791; x_wconf 84' lang='lat' dir='ltr'>amor</span> <span class='ocrx_word' id='word_1_284' title='bbox 2437 3728 2550 3809; x_wconf 90' lang='lat' dir='ltr'>qui</span> <span class='ocrx_word' id='word_1_285' title='bbox 2594 3726 2807 3790; x_wconf 85' lang='lat' dir='ltr'>vertit</span> 
     </span>
     <span class='ocr_line' id='line_1_33' title="bbox 557 3822 2806 3906; baseline -0.001 -19"><span class='ocrx_word' id='word_1_286' title='bbox 557 3823 886 3887; x_wconf 85' lang='lat' dir='ltr'>interiora</span> <span class='ocrx_word' id='word_1_287' title='bbox 917 3822 1210 3903; x_wconf 86' lang='lat' dir='ltr'>cujusvis</span> <span class='ocrx_word' id='word_1_288' title='bbox 1240 3822 1328 3886; x_wconf 89' lang='lat' dir='ltr'>ad</span> <span class='ocrx_word' id='word_1_289' title='bbox 1361 3842 1457 3899; x_wconf 87' lang='lat' dir='ltr'>se,</span> <span class='ocrx_word' id='word_1_290' title='bbox 1493 3832 1564 3887; x_wconf 90' lang='lat' dir='ltr'>et</span> <span class='ocrx_word' id='word_1_291' title='bbox 1595 3843 1733 3906; x_wconf 89' lang='lat' dir='ltr'>quo</span> <span class='ocrx_word' id='word_1_292' title='bbox 1764 3824 1969 3888; x_wconf 88' lang='lat' dir='ltr'>vertit</span> <span class='ocrx_word' id='word_1_293' title='bbox 2004 3824 2325 3887; x_wconf 91' lang='lat' dir='ltr'>interiora</span> <span class='ocrx_word' id='word_1_294' title='bbox 2356 3824 2565 3887; x_wconf 89' lang='lat' dir='ltr'>etiam</span> <span class='ocrx_word' id='word_1_295' title='bbox 2599 3823 2806 3886; x_wconf 87' lang='lat' dir='ltr'>vertit</span> 
     </span>
     <span class='ocr_line' id='line_1_34' title="bbox 557 3918 2807 4001; baseline -0 -19"><span class='ocrx_word' id='word_1_296' title='bbox 557 3918 850 3997; x_wconf 80' lang='lat' dir='ltr'>faciem3</span> <span class='ocrx_word' id='word_1_297' title='bbox 913 3936 1074 3983; x_wconf 88' lang='lat' dir='ltr'>nam</span> <span class='ocrx_word' id='word_1_298' title='bbox 1112 3918 1322 3982; x_wconf 81' lang='lat' dir='ltr'>facies</span> <span class='ocrx_word' id='word_1_299' title='bbox 1369 3918 1462 3983; x_wconf 91' lang='lat' dir='ltr'>ibi</span> <span class='ocrx_word' id='word_1_300' title='bbox 1523 3936 1731 3982; x_wconf 90' lang='lat' dir='ltr'>unum</span> <span class='ocrx_word' id='word_1_301' title='bbox 1776 3920 1925 4001; x_wconf 84' lang='lat' dir='ltr'>agit</span> <span class='ocrx_word' id='word_1_302' title='bbox 1985 3937 2140 3982; x_wconf 89' lang='lat' dir='ltr'>cum</span> <span class='ocrx_word' id='word_1_303' title='bbox 2195 3919 2649 3993; x_wconf 85' lang='lat' dir='ltr'>interioribus,</span> <span class='ocrx_word' id='word_1_304' title='bbox 2697 3926 2807 3982; x_wconf 90' lang='lat' dir='ltr'>est</span> 
     </span>
     <span class='ocr_line' id='line_1_35' title="bbox 560 4010 2807 4094; baseline -0.001 -15"><span class='ocrx_word' id='word_1_305' title='bbox 560 4016 742 4079; x_wconf 88' lang='lat' dir='ltr'>enim</span> <span class='ocrx_word' id='word_1_306' title='bbox 776 4013 994 4078; x_wconf 85' lang='lat' dir='ltr'>forma</span> <span class='ocrx_word' id='word_1_307' title='bbox 1025 4024 1322 4078; x_wconf 85' lang='lat' dir='ltr'>externa</span> <span class='ocrx_word' id='word_1_308' title='bbox 1357 4032 1614 4079; x_wconf 89' lang='lat' dir='ltr'>eorum.</span> <span class='ocrx_word' id='word_1_309' title='bbox 1698 4010 1879 4094; x_wconf 85' lang='lat' dir='ltr'>Quia</span> <span class='ocrx_word' id='word_1_310' title='bbox 1908 4032 2104 4077; x_wconf 90' lang='lat' dir='ltr'>amor</span> <span class='ocrx_word' id='word_1_311' title='bbox 2132 4016 2342 4078; x_wconf 87' lang='lat' dir='ltr'>vertit</span> <span class='ocrx_word' id='word_1_312' title='bbox 2374 4015 2700 4077; x_wconf 87' lang='lat' dir='ltr'>interiora</span> <span class='ocrx_word' id='word_1_313' title='bbox 2735 4020 2807 4076; x_wconf 91' lang='lat' dir='ltr'>et</span> 
     </span>
    </p>
   </div>
   <div class='ocr_carea' id='block_1_7' title="bbox 563 4234 2811 4591">
    <p class='ocr_par' dir='ltr' id='par_1_8' title="bbox 563 4234 2811 4591">
     <span class='ocr_line' id='line_1_36' title="bbox 563 4234 2807 4308; baseline -0.001 -17"><span class='ocrx_word' id='word_1_314' title='bbox 563 4236 705 4293; x_wconf 87' lang='lat' dir='ltr'>inde</span> <span class='ocrx_word' id='word_1_315' title='bbox 741 4235 1042 4308; x_wconf 83' lang='lat' dir='ltr'>significet</span> <span class='ocrx_word' id='word_1_316' title='bbox 1073 4236 1204 4293; x_wconf 83' lang='lat' dir='ltr'>illas</span> <span class='ocrx_word' id='word_1_317' title='bbox 1238 4237 1320 4304; x_wconf 84' lang='lat' dir='ltr'>(n.</span> <span class='ocrx_word' id='word_1_318' title='bbox 1360 4250 1515 4306; x_wconf 81' lang='lat'>2542,</span> <span class='ocrx_word' id='word_1_319' title='bbox 1549 4235 1705 4305; x_wconf 88' lang='lat'>3869,</span> <span class='ocrx_word' id='word_1_320' title='bbox 1731 4234 1891 4306; x_wconf 82' lang='grc'><strong>4653.</strong></span> <span class='ocrx_word' id='word_1_321' title='bbox 1921 4248 2073 4306; x_wconf 83' lang='lat'>5017,</span> <span class='ocrx_word' id='word_1_322' title='bbox 2100 4235 2256 4304; x_wconf 86' lang='lat'>7216,</span> <span class='ocrx_word' id='word_1_323' title='bbox 2284 4235 2440 4306; x_wconf 85' lang='lat'>8361,</span> <span class='ocrx_word' id='word_1_324' title='bbox 2465 4250 2565 4306; x_wconf 87' lang='lat'>931</span> <span class='ocrx_word' id='word_1_325' title='bbox 2582 4250 2625 4299; x_wconf 72' lang='grc' dir='ltr'>ι,</span> <span class='ocrx_word' id='word_1_326' title='bbox 2650 4248 2807 4306; x_wconf 88' lang='lat'>9397,</span> 
     </span>
     <span class='ocr_line' id='line_1_37' title="bbox 569 4306 2665 4503; baseline 0 -72"><span class='ocrx_word' id='word_1_327' title='bbox 569 4306 1177 4503; x_wconf 45' lang='grc' dir='ltr'>Ῑωὲςιξίἆζῗὸςῃέοεῑ</span> <span class='ocrx_word' id='word_1_328' title='bbox 1203 4376 1614 4463; x_wconf 70' lang='lat' dir='ltr'>receptionem</span> <span class='ocrx_word' id='word_1_329' title='bbox 1642 4378 1971 4463; x_wconf 54' lang='lat' dir='ltr'>*feritatum</span> <span class='ocrx_word' id='word_1_330' title='bbox 2002 4380 2081 4445; x_wconf 89' lang='lat' dir='ltr'>(n.</span> <span class='ocrx_word' id='word_1_331' title='bbox 2113 4389 2266 4447; x_wconf 82' lang='lat'>5471.</span> <span class='ocrx_word' id='word_1_332' title='bbox 2299 4390 2452 4449; x_wconf 84' lang='grc'><strong>5475,</strong></span> <span class='ocrx_word' id='word_1_333' title='bbox 2480 4377 2665 4447; x_wconf 77' lang='grc'><strong>9926).</strong></span> 
     </span>
     <span class='ocr_line' id='line_1_38' title="bbox 603 4446 2811 4591; baseline 0 -18"><span class='ocrx_word' id='word_1_334' title='bbox 603 4448 1608 4575; x_wconf 56' lang='grc' dir='ltr'>υοὲνῖἓέἔ“ἐὲὅῖἳξ“ὲῖζῗ“ἒὶἒέι</span> <span class='ocrx_word' id='word_1_335' title='bbox 1615 4446 2811 4591; x_wconf 49' lang='lat' dir='ltr'>“ximat53m⁴⁴3330⁴⁴3523221³3322⁴3÷</span> 
     </span>
    </p>
   </div>
   <div class='ocr_carea' id='block_1_8' title="bbox 605 4590 2030 4661">
    <p class='ocr_par' dir='ltr' id='par_1_9' title="bbox 605 4590 2030 4661">
     <span class='ocr_line' id='line_1_39' title="bbox 605 4590 2030 4661; baseline 0.001 -17"><span class='ocrx_word' id='word_1_336' title='bbox 605 4591 746 4644; x_wconf 89' lang='lat' dir='ltr'>dem</span> <span class='ocrx_word' id='word_1_337' title='bbox 776 4592 856 4661; x_wconf 90' lang='lat' dir='ltr'>(n.</span> <span class='ocrx_word' id='word_1_338' title='bbox 885 4604 1040 4659; x_wconf 86' lang='lat'>2701,</span> <span class='ocrx_word' id='word_1_339' title='bbox 1065 4604 1224 4658; x_wconf 84' lang='lat'>4410,</span> <span class='ocrx_word' id='word_1_340' title='bbox 1250 4603 1356 4660; x_wconf 83' lang='lat'>452</span> <span class='ocrx_word' id='word_1_341' title='bbox 1396 4631 1410 4653; x_wconf 90' lang='lat'>,</span> <span class='ocrx_word' id='word_1_342' title='bbox 1435 4590 1594 4660; x_wconf 87' lang='lat'>6923,</span> <span class='ocrx_word' id='word_1_343' title='bbox 1619 4602 1778 4660; x_wconf 80' lang='lat'>9051,</span> <span class='ocrx_word' id='word_1_344' title='bbox 1818 4590 2030 4660; x_wconf 84' lang='lat'>10569).</span> 
     </span>
    </p>
   </div>
   <div class='ocr_carea' id='block_1_9' title="bbox 3326 1210 3353 3877">
    <p class='ocr_par' dir='ltr' id='par_1_10' title="bbox 3326 1210 3353 3877">
     <span class='ocr_line' id='line_1_40' title="bbox 3326 1210 3353 3877; baseline 0 0"><span class='ocrx_word' id='word_1_345' title='bbox 3326 1210 3353 3877; x_wconf 95' lang='lat' dir='ltr'> </span> 
     </span>
    </p>
   </div>
   <div class='ocr_carea' id='block_1_10' title="bbox 3346 4216 3349 4737">
    <p class='ocr_par' dir='ltr' id='par_1_11' title="bbox 3346 4216 3349 4737">
     <span class='ocr_line' id='line_1_41' title="bbox 3346 4216 3349 4737; baseline 0 0"><span class='ocrx_word' id='word_1_346' title='bbox 3346 4216 3349 4737; x_wconf 95' lang='lat' dir='ltr'> </span> 
     </span>
    </p>
   </div>
  </div>
 </body>
</html>
