3371 5304
506 633 633 693 204
1145 630 1249 683 DF:
1292 628 1546 683 CAELO
1591 630 1691 681 ET
1736 631 2106 685 INFERNO.

504 823 775 888 quoque
810 802 1118 867 nutriunt
1155 822 1447 887 corpora
1474 821 1732 881 eorum,
1771 812 1845 869 et
1879 802 2014 869 hoc
2060 824 2154 869 ex
2198 808 2742 891 corresponden-

504 901 621 973 tia,
662 916 821 961 nam
857 897 1075 961 forma
1110 898 1415 979 corporis
1450 917 1589 961 non
1624 906 1736 961 est
1781 898 1911 962 nisi
1947 918 2152 983 quam
2189 900 2412 964 forma
2447 912 2744 967 externa

502 994 923 1057 interiorum.
1013 990 1385 1055 Sciendum
1442 1002 1573 1068 est,
1622 993 1806 1074 quod
1865 993 2160 1058 infantes
2217 995 2286 1057 in
2348 995 2546 1060 caelo
2605 1016 2740 1059 non

502 1088 907 1153 adolescant
946 1086 1128 1151 ultra
1157 1106 1361 1169 quam
1396 1087 1484 1150 ad
1525 1088 1815 1169 primum
1845 1086 2303 1169 juventutem,
2337 1108 2415 1153 ac
2453 1089 2546 1153 ibi
2581 1090 2742 1153 sub·

502 1184 752 1247 sistant
804 1181 873 1245 in
920 1190 1295 1243 aeternum.
1386 1180 1488 1244 Ut
1548 1201 1674 1264 pro
1711 1191 1905 1245 certo
1950 1182 2196 1245 scirem
2242 1183 2426 1267 quod
2479 1184 2582 1247 ita
2626 1185 2740 1260 sit,

502 1280 743 1344 datum
802 1286 913 1341 est
972 1276 1157 1359 loqui
1213 1294 1369 1340 cum
1427 1276 1762 1358 aliquibus
1810 1276 1922 1358 qui
1980 1286 2057 1340 ut
2116 1276 2415 1343 infantes
2466 1280 2742 1343 educati

504 1383 661 1438 sunt
694 1374 762 1436 in
788 1371 1003 1447 caelo,
1028 1382 1101 1435 et
1133 1371 1246 1453 qui
1267 1371 1719 1434 adoleverunt
1749 1370 1842 1434 ibi
1867 1392 1883 1449 ;
1929 1390 2084 1435 cum
2103 1372 2508 1455 quibusdam
2533 1374 2740 1437 etiam

502 1468 778 1551 quando
808 1466 1103 1530 infantes
1135 1476 1355 1541 erant,
1395 1476 1469 1531 et
1506 1466 1663 1529 dein
1698 1483 1852 1528 cum
1883 1466 2126 1530 iisdem
2157 1467 2435 1549 quando
2456 1466 2742 1550 juvenes

502 1560 707 1639 facti3
754 1570 827 1625 et
870 1561 960 1623 ab
988 1560 1123 1623 illis
1158 1559 1385 1624 audivi
1417 1561 1603 1625 vitae
1634 1579 1873 1623 eorum
1905 1580 2176 1626 cursum
2210 1561 2302 1625 ab
2339 1581 2473 1625 una
2509 1571 2742 1627 aetate

504 1658 592 1721 ad
628 1658 939 1722 alteram.

624 1766 817 1835 341·
878 1747 1079 1831 Quod
1111 1749 1513 1815 innocentia
1542 1751 1634 1813 sit
1666 1750 2180 1832 receptaculum
2210 1751 2514 1815 omnium
2545 1752 2740 1828 caeli,

503 1856 576 1910 et
614 1848 710 1909 sic
750 1845 932 1927 quod
968 1845 1365 1908 innocentia
1394 1844 1732 1909 infantum
1767 1846 1858 1909 sit
1896 1844 2175 1927 planum
2205 1847 2509 1911 omnium
2539 1844 2742 1910 affec·

504 1945 767 2007 tionum
807 1941 970 2003 boni
1014 1949 1087 2003 et
1143 1942 1308 2017 veri,
1357 1951 1679 2006 constare
1727 1951 1965 2025 potest
2009 1962 2103 2005 ex
2161 1942 2295 2006 illis
2341 1962 2516 2025 quae
2563 1944 2744 2025 prius

508 2036 603 2121 (n.
652 2032 973 2117 276—283)
1022 2034 1113 2097 de
1156 2034 1565 2101 Innocentia
1608 2035 2045 2117 Angelorum
2089 2036 2160 2099 in
2205 2034 2417 2101 Caelo
2463 2046 2747 2099 ostensa

504 2141 700 2209 sunt;
739 2128 923 2212 quod
962 2148 1211 2209 nempe
1246 2130 1646 2194 innocentia
1676 2131 1770 2195 sit
1807 2129 1992 2195 velle
2023 2130 2180 2194 duci
2221 2150 2264 2193 a
2310 2129 2630 2205 Domino,
2669 2139 2745 2194 et

506 2247 642 2291 non
668 2246 709 2288 a
732 2232 952 2288 semet
981 2244 997 2301 ;
1052 2224 1337 2305 proinde
1362 2225 1547 2307 qnod
1578 2226 1791 2289 homo
1815 2234 2088 2289 tantum
2115 2226 2184 2288 in
2208 2226 2610 2289 innocentia
2631 2227 2742 2302 sit,

504 2329 835 2403 quantum
874 2328 1181 2382 remotus
1217 2328 1327 2382 est
1372 2339 1415 2382 a
1457 2339 1582 2383 suo
1627 2320 1946 2403 propri03
2007 2328 2078 2383 et
2127 2327 2460 2401 quantum
2504 2319 2747 2403 aliquis

505 2436 545 2479 a
580 2435 707 2478 suo
742 2412 1016 2495 proprio
1047 2421 1355 2476 remotus
1384 2424 1517 2491 est,
1549 2421 1820 2478 tantum
1857 2414 1926 2476 in
1966 2413 2246 2496 Proprio
2279 2412 2556 2477 Domini
2593 2424 2744 2493 est3

507 2510 856 2591 Proprium
903 2506 1183 2570 Domini
1241 2518 1349 2571 est
1407 2508 1589 2592 quod
1648 2517 1939 2572 vocatur
1967 2507 2239 2590 justitia
2292 2517 2369 2573 et
2428 2509 2746 2572 meritum

508 2604 801 2670 Domini.
892 2600 1029 2666 Sed
1076 2602 1477 2667 innocentia
1511 2602 1846 2667 infantum
1885 2622 2024 2666 non
2062 2612 2172 2666 est
2216 2602 2515 2684 genuina
2549 2602 2746 2666 inno-

503 2701 753 2773 centia,
781 2697 937 2780 quia
968 2706 1077 2760 est
1105 2696 1364 2779 absque
1396 2698 1738 2780 sapientia
1765 2697 1988 2760 adhuc
2020 2716 2036 2760 :
2084 2698 2384 2778 genuina
2414 2696 2748 2762 innocen-

504 2797 603 2860 tia
624 2802 733 2858 est
762 2792 1101 2874 sapientia
1130 2811 1147 2868 ;
1208 2810 1367 2854 nam
1394 2801 1730 2875 quantum
1754 2792 1998 2874 aliquis
2028 2791 2303 2873 sapiens
2327 2801 2438 2855 est
2468 2801 2746 2856 tantum

505 2900 695 2954 amat
728 2887 886 2950 duci
915 2906 957 2949 a
987 2885 1311 2962 Domino,
1339 2906 1461 2950 seu
1483 2887 1668 2969 quod
1699 2886 1908 2962 idem,
1930 2895 2262 2969 quantum
2285 2885 2533 2968 aliquis
2554 2888 2745 2950 duci-

504 2995 615 3049 tur
660 3003 703 3046 a
755 2980 1075 3056 Domino,
1126 2989 1401 3044 tantum
1444 2981 1722 3062 sapiens
1779 2989 1908 3044 est.
2000 2979 2468 3044 Perducuntur
2511 2982 2746 3064 itaque

505 3077 801 3142 infantes
834 3074 924 3138 ab
958 3075 1357 3138 innocentia
1393 3084 1709 3151 externa,
1747 3075 1814 3137 in
1853 3094 1986 3157 qua
2021 3074 2311 3155 primum
2347 3083 2530 3150 sunt,
2569 3095 2744 3158 quae

506 3179 793 3236 vocatur
853 3169 1253 3232 innocentia
1297 3169 1647 3246 infantiae,
1696 3169 1786 3233 ad
1848 3169 2316 3232 innocentiam
2375 3169 2742 3245 internam,

504 3286 676 3350 quae
713 3271 822 3327 est
856 3263 1253 3327 innocentia
1288 3263 1690 3346 sapientiae.
1779 3263 1974 3328 Haec
2011 3263 2412 3327 innocentia
2447 3271 2556 3326 est
2596 3261 2746 3326 finis

504 3361 724 3424 omnis
755 3354 1221 3422 instructionis
1251 3367 1323 3422 et
1354 3357 2142 3441 progressionis-»illorum
2171 3378 2188 3436 ;
2235 3377 2444 3440 quare
2467 3376 2622 3421 cum
2653 3357 2742 3422 ad

503 3453 975 3519 innocentiam
1008 3453 1389 3534 sapientiae
1421 3454 1731 3529 veniunt,
1757 3461 1925 3517 tunc
1956 3451 2392 3534 conjungitur
2420 3451 2520 3516 eis
2547 3452 2745 3518 inno-

504 3549 733 3614 centia
776 3546 1126 3624 infantiae,
1166 3568 1339 3631 quae
1376 3547 1511 3612 illis
1557 3547 1823 3612 interea
1859 3547 2308 3610 inserviverat
2353 3564 2477 3627 pro
2515 3545 2744 3628 plano·

505 3645 1133 3726 Repraesentatum
1172 3652 1280 3709 est
1317 3642 1506 3716 mihi,
1546 3643 1768 3725 qualis
1804 3650 1914 3705 est
1951 3639 2348 3705 innocentia
2382 3638 2742 3716 infantum,

503 3757 625 3821 per
669 3737 972 3819 ligneum
1020 3736 1368 3818 quoddam
1415 3737 1551 3800 sere
1597 3756 1850 3818 expers
1892 3737 2104 3811 vitae,
2144 3734 2327 3818 quod
2364 3733 2749 3798 vivificatur

503 3835 677 3897 sicut
712 3851 833 3913 per
871 3832 1305 3912 cognitiones
1343 3832 1485 3894 veri
1515 3841 1589 3894 et
1634 3827 2030 3894 affectiones
2065 3830 2229 3893 boni
2266 3828 2744 3911 perficiuntur3

504 3937 577 3992 et
613 3936 863 4010 postea
901 3936 1495 4006 repraesentatum
1532 3934 1639 3989 est
1684 3925 1906 4009 qualis
1942 3935 2051 3990 est
2082 3925 2381 4007 genuina
2416 3923 2745 3988 innocen-

504 4025 625 4096 tia.
666 4041 785 4105 per
824 4021 1351 4103 pulcherrimum
1388 4019 1719 4083 infantem
1758 4039 2032 4101 prorsus
2067 4019 2294 4082 vivum
2327 4026 2400 4080 et
2445 4016 2744 4080 nudum:

504 4117 631 4202 ipsi
656 4118 835 4180 enim
861 4117 1285 4190 innocentes,
1313 4115 1425 4198 qui
1448 4115 1702 4178 suntin
1727 4115 1969 4178 intimo
1991 4111 2208 4188 caelo,
2233 4121 2306 4176 et
2329 4112 2426 4174 sic
2453 4110 2748 4193 proximi

506 4212 827 4285 Domino,
876 4231 1108 4276 coram
1154 4211 1368 4275 oculis
1412 4209 1700 4274 aliorum
1743 4208 2150 4290 angelorum
2211 4225 2349 4270 non
2409 4213 2748 4288 apparent

503 4307 707 4371 aliter
729 4327 809 4371 ac
841 4307 1159 4380 infante3‚
1188 4316 1262 4370 et
1288 4306 1614 4389 mquidem
1650 4303 1836 4378 nudi,
1865 4322 2022 4367 nam
2053 4302 2452 4366 innocentia
2475 4319 2748 4382 reprae-

506 4412 819 4467 sentatur
865 4423 989 4486 per
1034 4402 1418 4464 nuditatem
1452 4419 1657 4482 quam
1697 4417 1834 4461 non
1872 4397 2329 4473 erubescunt3
2379 4405 2456 4458 ut
2501 4393 2752 4477 legitur

509 4497 594 4560 de
633 4497 852 4578 primo
892 4497 1196 4560 Homine
1234 4505 1307 4560 et
1352 4493 1499 4576 ejus
1538 4493 1782 4559 Uxore
1829 4492 1894 4556 in
1943 4491 2267 4556 Paradiso
2307 4489 2568 4572 (Genes.
2601 4506 2748 4568 cap.

506 4589 569 4652 ii.
621 4592 732 4672 25)
766 4611 781 4668 ;
844 4600 1263 4675 quapropter
1306 4591 1539 4662 etiam,
1581 4607 1734 4652 cum
1777 4597 2002 4651 status
2039 4584 2479 4650 innocentiae
2517 4600 2748 4646 eorum
