3371 5304
555 651 744 716 Qum
777 653 984 705 1GN1s
1016 653 1506 722 mFERNAus,
1543 657 1641 708 m·
1672 657 1861 724 Qum
1890 659 2224 714 STRIDOR
2259 664 2632 718 DENTIUM.
2674 657 2793 738 365

551 832 662 889 est
697 841 894 890 amor
923 843 1131 907 opum
1165 835 1448 910 propter
1477 825 1664 893 solas
1696 849 1907 913 opes3
1954 831 2120 896 talis
2150 853 2345 899 amor
2378 846 2489 901 est
2528 838 2751 903 avaris
2779 860 2795 902 :

550 927 626 984 et
663 919 760 984 sic
802 941 1028 1003 porro.
1119 921 1310 986 Finis
1349 935 1637 1007 propter
1670 945 1877 1008 quem
1914 945 2104 1010 opes,
2144 939 2433 994 vocatur
2468 953 2671 1012 usus;
2718 953 2795 998 ac

549 1013 702 1078 finis
739 1025 872 1092 est,
911 1035 1034 1080 seu
1079 1037 1262 1094 usus,
1301 1037 1344 1082 a
1401 1038 1540 1101 quo
1591 1039 1789 1085 amor
1824 1041 2018 1086 suum
2074 1024 2277 1106 quale
2312 1024 2567 1106 habet;
2638 1047 2795 1092 nam

548 1108 711 1174 talis
747 1118 856 1175 est
892 1130 1106 1188 amor,
1146 1111 1366 1194 qualis
1401 1123 1512 1178 est
1548 1113 1702 1179 finis
1738 1124 2019 1200 propter
2054 1137 2279 1202 quem,
2320 1120 2579 1206 reliqua
2615 1123 2795 1187 enim

548 1206 611 1268 ei
649 1205 958 1272 serviunt
997 1215 1076 1272 ut
1111 1207 1360 1272 media.
1541 1227 1550 1236 ·

1541 1689 1793 1776 [mx]

549 1869 755 1954 Qum
816 1872 1030 1938 Ioms
1073 1885 1567 1952 INFERNALls,
1615 1889 1716 1940 m·
1776 1889 1965 1955 Qun)
2012 1875 2363 1945 S‘rmnon
2410 1893 2786 1946 pennum.

670 2061 883 2144 366.
943 2057 1125 2142 Quid
1163 2061 1342 2143 ignis
1379 2071 1725 2138 aeternus,
1764 2083 1846 2129 ac
1894 2063 2149 2129 stridor
2185 2064 2521 2141 dentium,
2560 2067 2675 2149 qui
2720 2068 2789 2130 in

544 2152 784 2219 Verbo
819 2155 1142 2220 dicuntur
1175 2157 1264 2220 de
1301 2156 1435 2220 illis
1473 2159 1586 2240 qui
1623 2159 1691 2222 in
1730 2158 1993 2223 inferno
2028 2167 2213 2235 sunt,
2253 2161 2373 2224 vix
2408 2161 2529 2225 ulli
2566 2161 2793 2226 adhuc

547 2258 786 2314 notum
831 2259 986 2328 est3
1051 2271 1146 2314 ex
1189 2269 1421 2328 causa,
1470 2253 1628 2335 quia
1671 2253 1763 2317 de
1807 2253 1945 2317 illis
1988 2273 2161 2336 quae
2206 2255 2277 2318 in
2322 2254 2561 2320 Verbo
2606 2265 2791 2332 sunt,

545 2345 998 2410 materialiter
1033 2348 1544 2428 cogitaverunt,
1584 2367 1725 2412 non
1763 2350 2067 2414 scientes
2102 2349 2245 2431 ejus
2282 2369 2557 2414 sensum
2597 2353 2793 2434 spiri·

545 2440 844 2505 tualem:
908 2453 1329 2526 quapropter
1393 2463 1516 2525 per
1563 2443 1905 2526 “ignem”
1950 2444 2455 2510 intellexerunt
2513 2445 2790 2528 quidam

545 2536 779 2618 ignem
826 2537 1278 2613 materialem,
1327 2539 1605 2621 quidam
1651 2540 1725 2602 in
1769 2558 2027 2622 genere
2072 2542 2474 2616 cruciatum,
2514 2541 2792 2622 quidam

544 2632 1016 2699 conscientiae
1055 2652 1380 2710 morsum,
1418 2635 1698 2717 quidam
1734 2634 1945 2699 modo
1979 2635 2082 2699 ita
2116 2632 2375 2699 dictum
2414 2635 2502 2699 ad
2540 2636 2790 2701 incuti-

543 2728 796 2791 endum
829 2738 1163 2793 terrorem
1211 2748 1334 2811 pro
1370 2729 1608 2794 malis:
1672 2750 1751 2793 ac
1800 2750 1921 2811 per
1961 2730 2391 2795 “stridorem
2432 2730 2795 2795 dentium”

543 2823 1040 2889 intellexerunt
1065 2825 1342 2908 quidam
1368 2824 1582 2889 talem
1609 2826 1995 2901 stridorem,
2018 2826 2295 2908 quidam
2318 2826 2528 2889 modo
2551 2825 2791 2890 horro-

543 2937 712 2994 rem,
751 2919 972 3001 qualis
1025 2929 1134 2983 est
1192 2939 1350 2983 cum
1406 2914 1566 2983 talis
1598 2920 1867 2985 collisio
1916 2922 2227 2985 dentium
2266 2922 2562 2986 auditur.
2652 2920 2793 2985 Sed

543 3014 656 3099 qui
701 3014 1128 3096 spiritualem
1177 3034 1454 3079 sensum
1502 3014 1721 3079 Verbi
1768 3016 1985 3091 novit,
2024 3016 2083 3078 is
2126 3018 2300 3081 scire
2344 3027 2582 3100 potest
2628 3017 2790 3100 quid

548 3110 786 3191 “ignis
823 3109 1207 3185 aeternu5,”
1243 3120 1316 3174 et
1353 3110 1516 3193 quid
1558 3109 1875 3174 “stridor
1911 3111 2223 3175 dentium
2253 3111 2307 3189 ;”
2354 3132 2513 3175 nam
2552 3114 2789 3188 cuivis,

542 3208 721 3283 voci,
763 3216 836 3271 et
882 3208 1098 3271 cuivis
1142 3226 1392 3271 vocum
1437 3209 1668 3271 sensui
1714 3208 1783 3271 in
1831 3207 2091 3284 Verbo,
2132 3209 2508 3290 spiritualis
2554 3228 2792 3273 sensus

542 3300 746 3377 inest,
787 3302 1110 3385 quoniam
1150 3300 1458 3366 Verbum
1502 3303 1572 3365 in
1619 3323 1746 3366 suo
1780 3302 1932 3367 sinu
1968 3312 2077 3367 est
2116 3303 2493 3385 spirituale,
2532 3323 2612 3368 ac
2652 3306 2793 3385 spi-

543 3396 791 3461 rituale
829 3416 1062 3460 coram
1100 3396 1380 3461 homine
1426 3416 1565 3461 non
1613 3405 1852 3481 potest
1897 3397 2101 3463 aliter
2137 3416 2343 3480 quam
2382 3399 2792 3464 naturaliter

543 3492 857 3574 exprimi,
898 3494 1056 3575 quia
1111 3493 1324 3557 homo
1379 3494 1450 3556 in
1509 3494 1808 3557 naturali
1854 3494 2113 3558 mundo
2168 3504 2299 3569 est,
2347 3504 2420 3558 et
2478 3514 2571 3557 ex
2630 3495 2789 3570 illis,

540 3607 718 3670 quae
753 3588 866 3663 ibi,
899 3588 1193 3669 cogitat.
1283 3586 1466 3669 Quid
1503 3589 1737 3672 itaque
1772 3589 2011 3671 “ignis
2048 3587 2431 3662 aeternus,”
2460 3598 2532 3653 et
2574 3590 2785 3653 “stri-

541 3682 671 3747 dor
715 3682 1089 3759 dentium‚”
1125 3684 1191 3747 in
1240 3704 1413 3766 quos
1457 3683 1777 3748 homines
1822 3684 1985 3748 mali
2030 3684 2258 3766 quoad
2304 3703 2465 3746 suos
2512 3683 2791 3765 spiritus

541 3787 703 3861 post
749 3788 1044 3843 mortem
1090 3780 1399 3853 veniunt,
1447 3800 1568 3843 seu
1613 3800 1786 3862 quos
1830 3797 2069 3844 eorum
2112 3780 2415 3861 spiritus,
2462 3780 2576 3860 qui
2622 3789 2789 3843 tunc

540 3875 609 3937 in
655 3875 996 3956 spirituali
1041 3876 1300 3939 mundo
1343 3884 1528 3952 sunt,
1575 3876 1954 3958 patiuntur,
2000 3876 2069 3938 in
2116 3891 2297 3938 nunc
2342 3872 2791 3957 sequentibus

541 3969 831 4034 dicetur.

666 4064 868 4148 367·
912 4062 1088 4131 Sunt
1125 4066 1328 4131 binae
1365 4064 1666 4148 origines
1704 4062 2201 4140 caloris‚-una
2244 4084 2337 4127 ex
2383 4060 2547 4127 Sole
2590 4062 2790 4139 caeli,

539 4160 654 4242 qui
699 4170 810 4225 est
849 4159 1208 4235 Dominu3‚
1249 4170 1323 4225 et
1359 4160 1584 4225 altera
1627 4180 1721 4224 ex
1768 4160 1919 4223 sole
1955 4159 2211 4223 mundi.
2301 4157 2507 4223 Calor
2544 4158 2656 4240 qui
2700 4178 2791 4221 ex

541 4254 704 4321 Sole
723 4256 899 4321 caeli
925 4277 1050 4323 seu
1072 4257 1396 4334 Domin0,
1417 4265 1524 4321 est
1548 4255 1741 4321 calor
1760 4256 2155 4339 spiritualis,
2178 4254 2383 4337 quiin
2408 4275 2531 4319 sua
2555 4272 2790 4319 essen·

540 4352 637 4417 tia
683 4361 792 4417 est
829 4372 1026 4417 amor
1073 4351 1421 4435 (videatur
1464 4342 1693 4435 supra,
1733 4371 1797 4414 n.
1854 4348 2218 4432 126-140);
2262 4348 2455 4412 calor
2490 4367 2655 4412 vero
2698 4368 2793 4411 ex

537 4448 686 4513 sole
717 4448 974 4523 mundi,
1013 4459 1123 4511 est
1156 4446 1346 4512 calor
1377 4446 1732 4523 naturalis,
1769 4446 1881 4529 qui
1919 4446 1987 4509 in
2020 4465 2141 4508 sua
2174 4445 2477 4508 essentia
2510 4462 2648 4509 non
2682 4453 2789 4507 est

535 4562 752 4620 amor,
791 4542 918 4611 sed
955 4542 1240 4607 inservit
1277 4542 1488 4607 calori
1525 4540 1862 4625 spirituali
1900 4560 2019 4604 seu
2058 4539 2275 4603 amori
2312 4558 2438 4621 pro
2474 4546 2791 4622 recepta·

537 4639 718 4704 culo.
809 4636 1014 4720 Quod
1062 4658 1254 4703 amor
1291 4638 1358 4703 in
1397 4658 1522 4702 sua
1558 4636 1865 4703 essentia
1900 4638 1992 4700 sit
2030 4634 2241 4709 calor,
2275 4644 2595 4699 constare
2632 4645 2791 4717 pot-
