3371 5304
896 624 997 675 DE
1043 621 1341 675 GAUDIO
1384 621 1485 673 ET
1530 618 1988 673 FELICITATE
2032 617 2423 673 CAELESTI.
2663 624 2700 671 2
2710 622 2740 690 5
2751 624 2782 689 3

535 794 865 877 singulis:
905 762 1031 858 lex
1098 792 1231 859 hoc
1300 790 1673 859 universali
1729 801 1804 858 et
1868 791 2200 876 singulari
2257 788 2542 877 aspectu
2606 792 2783 857 sicut

538 910 747 955 unum
782 900 1025 972 agunt.

662 984 881 1067 406·
940 984 1116 1049 Cum
1150 984 1500 1067 spiritibus
1544 984 1663 1068 qui
1698 1004 1737 1049 e
1775 984 2034 1049 mundo
2068 992 2386 1049 recentes
2421 993 2781 1057 venerunt,

536 1078 905 1163 aliquoties
970 1078 1237 1144 locutus
1304 1098 1455 1145 sum
1520 1078 1608 1143 de
1672 1088 1867 1145 statu
1931 1079 2120 1145 vitae
2187 1088 2538 1153 aeternae,
2599 1078 2788 1161 quod

536 1194 785 1256 nempe
816 1174 991 1240 scire
1024 1171 1370 1241 minterest
1408 1175 1557 1257 quis
1596 1172 1932 1241 Dominus
1964 1174 2181 1257 regni,
2216 1172 2418 1257 quale
2447 1173 2782 1255 regimen,

534 1280 605 1335 et
644 1289 819 1351 quae
849 1269 1201 1349 regiminis
1232 1268 1496 1349 forma;
1542 1270 1720 1335 sicut
1752 1271 1865 1353 qui
1903 1270 1974 1333 in
2005 1270 2264 1335 mundo
2300 1268 2369 1333 in
2407 1267 2592 1331 aliud
2624 1289 2781 1351 reg-

534 1382 697 1428 num
735 1365 1047 1437 veniunt,
1087 1364 1171 1427 iis
1216 1364 1385 1429 nihil
1424 1365 1609 1448 prius
1646 1373 1757 1428 est
1789 1382 1994 1446 quam
2031 1365 2210 1429 scire
2246 1364 2396 1447 quis
2441 1372 2515 1427 et
2562 1364 2783 1446 qualis

533 1479 683 1535 rex,
710 1458 911 1542 quale
942 1461 1276 1543 regimen,
1311 1470 1383 1525 et
1422 1460 1615 1543 plura
1647 1481 1823 1545 quae
1859 1461 2056 1525 istius
2087 1460 2281 1543 regni
2314 1470 2514 1538 sunt;
2563 1460 2782 1541 magis

532 1556 601 1618 in
658 1555 793 1619 hoc
840 1575 1080 1637 regno,
1127 1556 1197 1621 in
1256 1576 1392 1639 quo
1448 1558 1519 1620 in
1577 1566 1942 1621 aeternum
1986 1552 2230 1621 victuri
2267 1565 2448 1619 sunt.
2541 1554 2782 1623 Sciant

533 1650 787 1733 itaque,
837 1651 1024 1734 quod
1083 1650 1421 1715 Dominus
1480 1652 1571 1715 sit
1630 1652 1748 1735 qui
1803 1652 1985 1733 regit
2035 1651 2330 1727 caelum,
2381 1660 2452 1715 et
2512 1672 2781 1735 quoque

534 1740 1146 1823 universum,'nam
1194 1747 1309 1829 qui
1350 1747 1532 1829 regit
1578 1766 1790 1810 unum
1834 1748 2016 1829 regit
2061 1746 2357 1811 alterum
2382 1768 2399 1824 ;
2455 1747 2551 1810 ita
2597 1748 2782 1831 quod

533 1860 843 1925 regnum,
878 1842 945 1905 in
979 1862 1115 1925 quo
1148 1861 1326 1907 nunc
1352 1853 1535 1919 sunt,
1570 1843 1661 1906 sit
1696 1842 1998 1917 Domini,
2031 1850 2104 1906 et
2144 1842 2326 1925 quod
2359 1840 2555 1923 hujus
2586 1844 2781 1925 regni

532 1935 725 2017 leges
763 1938 900 2000 sint
940 1938 1275 2002 veritates
1312 1948 1662 2013 aeternae,
1703 1958 1876 2022 quae
1910 1957 2150 2001 omnes
2180 1936 2556 2001 fundantur
2591 1938 2658 2001 in
2699 1958 2784 2002 ea

532 2030 711 2115 lege,
760 2040 835 2097 ut
881 2042 1121 2097 ament
1168 2032 1541 2097 Dominum
1588 2053 1793 2116 supra
1837 2034 2090 2109 omnia,
2141 2041 2215 2097 et
2268 2032 2657 2116 proximum
2704 2044 2779 2097 ut

532 2138 797 2205 semet;
859 2128 1072 2192 immo
1111 2147 1289 2192 nunc
1329 2126 1553 2193 adhuc
1593 2128 1816 2211 magis
1862 2128 1920 2193 si
1966 2128 2185 2192 velint
2233 2148 2387 2192 esse
2433 2127 2609 2192 sicut
2655 2149 2776 2192 an-

531 2222 691 2305 geli,
742 2222 925 2305 quod
971 2242 1201 2287 amare
1261 2223 1565 2289 debeant
1626 2224 2016 2304 proximum
2077 2222 2230 2306 plus
2283 2242 2487 2305 quam
2535 2234 2777 2289 semet.

532 2316 703 2381 Cum
742 2318 912 2381 haec
950 2318 1381 2395 audiverunt,
1424 2318 1590 2383 nihil
1628 2320 2048 2401 respondere
2086 2326 2481 2401 potuerunt,
2516 2321 2676 2402 quia
2711 2322 2777 2383 in

528 2413 675 2477 vita
720 2414 1021 2495 corporis
1067 2413 1210 2478 tale
1257 2414 1416 2497 quid
1462 2414 1895 2488 audiverunt,
1947 2415 2067 2478 sed
2124 2433 2260 2477 non
2309 2415 2774 2491 crediderunt,

530 2509 757 2572 mirati
804 2508 987 2591 quod
1034 2508 1194 2572 talis
1240 2529 1436 2574 amor
1479 2510 1570 2575 sit
1616 2511 1683 2573 in
1731 2508 1948 2586 caelo,
1997 2520 2070 2574 et
2117 2511 2301 2592 quod
2353 2505 2656 2574 t²¹dabilis
2704 2521 2776 2574 ut

529 2605 887 2688 quisquam
932 2613 1119 2670 amet
1168 2607 1560 2688 proximum
1608 2605 1762 2688 plus
1807 2624 2012 2688 quam
2059 2618 2321 2673 semet:
2392 2607 2515 2673 sed
2568 2606 2776 2671 infor·-
2827 2632 2841 2645 ·

529 2702 700 2766 mati
738 2711 917 2776 sunt,
954 2702 1135 2784 quod
1170 2703 1401 2766 omnia
1430 2702 1614 2766 bona
1647 2703 2057 2766 immensum
2092 2713 2412 2769 crescant
2451 2705 2518 2768 in
2552 2704 2777 2769 altera

527 2797 691 2871 vita,
733 2807 805 2861 et
851 2797 1033 2878 quod
1082 2795 1243 2860 talis
1290 2799 1431 2861 vita
1478 2799 1568 2860 sit
1614 2799 1682 2860 in
1730 2817 2039 2880 corpore,
2081 2808 2154 2864 ut
2203 2819 2342 2863 non
2391 2801 2570 2864 ultra
2617 2819 2774 2882 pro-

528 2892 721 2974 gredi
769 2893 1037 2974 possint
1082 2913 1287 2974 quam
1335 2912 1563 2956 amare
1610 2895 2002 2976 proximum
2064 2902 2138 2958 ut
2200 2905 2446 2970 semet,
2493 2897 2648 2979 quia
2707 2896 2773 2958 in

529 2989 915 3071 corporeis;
972 2997 1043 3051 at
1098 2988 1204 3051 his
1259 2990 1544 3052 remotis
1607 3000 1772 3052 tunc
1812 3009 2005 3052 amor
2043 2992 2263 3072 magis
2303 3012 2504 3074 purus
2565 2991 2665 3067 fit,
2707 3001 2777 3056 et

528 3080 810 3145 tandem
856 3083 1231 3165 angelicuS,
1280 3084 1392 3167 qui
1451 3093 1560 3147 est
1620 3104 1850 3149 amare
1909 3085 2302 3168 proximum
2357 3086 2510 3169 plus
2569 3105 2773 3170 quam

527 3187 788 3241 semet:
842 3198 1000 3242 nam
1050 3180 1115 3242 in
1164 3179 1374 3243 caelis
1404 3179 1780 3261 jucundum
1828 3190 1936 3245 est
1983 3181 2238 3246 bonum
2277 3181 2503 3247 facere
2550 3183 2772 3259 alteri,

527 3283 599 3337 et
646 3293 783 3336 non
825 3273 1195 3356 jucundum
1240 3273 1464 3340 facere
1512 3277 1639 3341 sibi
1685 3277 1963 3351 bonum,
2005 3277 2132 3341 nisi
2179 3287 2254 3342 ut
2301 3277 2421 3342 fiat
2468 3278 2770 3355 alterius,

525 3367 624 3431 ita
659 3380 941 3452 propter
978 3369 1271 3434 alterum
1302 3392 1318 3449 ;
1366 3381 1438 3435 et
1476 3372 1659 3453 quod
1700 3372 1765 3434 id
1805 3375 1895 3435 sit
1935 3391 2164 3436 amare
2199 3375 2588 3454 proximum
2621 3375 2774 3458 plus

526 3483 731 3546 quam
770 3475 1011 3529 semet.
1104 3463 1309 3546 Quod
1342 3467 1501 3530 talis
1532 3487 1727 3531 amor
1761 3467 2008 3530 dabilis
2047 3469 2159 3545 sit,
2195 3469 2551 3533 dicebatur
2588 3471 2768 3551 quod

526 3558 592 3621 in
630 3560 887 3623 mundo
925 3570 1241 3624 constare
1275 3563 1492 3644 possit
1531 3583 1622 3625 ex
1655 3563 2082 3644 quorundam
2113 3583 2346 3626 amore
2381 3562 2768 3651 conjugiali‚

525 3654 706 3736 quod
740 3655 1188 3736 praetulerint
1222 3666 1519 3720 mortem
1554 3677 1756 3739 quam
1797 3668 1872 3722 ut
1911 3656 2300 3722 laederetur
2337 3659 2631 3741 conjux;
2679 3682 2771 3725 ex

524 3769 755 3813 amore
803 3760 1163 3833 parentum
1210 3771 1375 3833 erga
1420 3750 1694 3826 liberOS,
1744 3751 1928 3836 quod
1977 3763 2198 3817 mater
2243 3755 2474 3836 potius
2519 3755 2769 3819 samem

525 3845 845 3926 patiatur,
886 3865 1089 3928 quarn
1126 3855 1203 3909 ut
1242 3845 1476 3911 videat
1512 3847 1847 3910 infantem
1884 3848 2174 3926 esurire3
2230 3857 2305 3913 ut
2352 3858 2423 3913 et
2470 3850 2558 3913 ab
2603 3851 2771 3914 ami-

523 3940 687 4003 citia
744 3941 1032 4013 sincera,
1082 3941 1261 4024 quod
1326 3961 1449 4023 pro
1509 3943 1744 4006 amicis
1791 3943 2093 4026 pericula
2139 3943 2477 4024 subeant3
2547 3955 2618 4009 et
2679 3967 2770 4009 ex

523 4036 825 4099 amicitia
869 4035 1051 4099 civili
1097 4046 1169 4100 et
1230 4037 1572 4112 simulata,
1621 4057 1797 4120 quae
1843 4038 2168 4102 aemulari
2215 4039 2364 4103 vult
2410 4041 2768 4114 sinceram,

523 4131 705 4211 quod
764 4131 1036 4213 potiora
1080 4131 1368 4196 offerant
1430 4132 1563 4196 illis
1621 4134 1862 4217 quibus
1919 4133 2155 4198 dicunt
2210 4136 2388 4199 bene
2447 4135 2648 4211 velle,
2700 4148 2770 4202 et

522 4243 790 4309 quoque
838 4225 1017 4309 quod
1065 4225 1208 4290 tale
1255 4248 1373 4291 ore
1418 4229 1639 4292 ferant
1680 4231 1961 4292 tametsi
2002 4249 2136 4293 non
2184 4233 2432 4309 corde;
2495 4231 2768 4294 demum

523 4339 614 4382 ex
660 4330 905 4384 natura
950 4323 1219 4398 amoriS,
1261 4343 1435 4406 quae
1474 4323 1635 4387 talis
1673 4332 1804 4398 est,
1847 4334 1923 4387 ut
1969 4326 2294 4406 gaudium
2342 4325 2485 4408 ejus
2530 4328 2618 4390 sit
2665 4327 2768 4389 in-

521 4415 772 4477 servire
818 4414 990 4490 aliis,
1042 4436 1179 4479 non
1224 4418 1325 4480 sui
1378 4418 1502 4481 sed
1564 4417 1706 4499 ejus
1753 4437 1981 4482 causa.
2072 4417 2333 4483 Verum
2393 4419 2563 4484 haec
2631 4440 2766 4485 non

522 4517 893 4589 potuerunt
926 4529 1169 4591 capere
1202 4511 1298 4575 illi
1330 4513 1443 4594 qui
1474 4533 1549 4576 se
1582 4531 1744 4594 prae
1777 4513 1929 4576 aliis
1961 4515 2315 4591 amabant,
2349 4525 2421 4579 et
2459 4515 2573 4597 qui
2606 4513 2768 4578 lucri

520 4603 699 4666 avidi
738 4605 804 4667 in
844 4605 987 4668 vita
1024 4609 1329 4688 corporis
1362 4606 1655 4684 suerunt,
1698 4611 2000 4674 omnium
2041 4611 2319 4674 minime
2357 4611 2564 4674 avari.
