3371 5304
681 669 786 721 DE
821 667 1069 720 STATU
1106 667 1646 720 INNOCENTIAE
1683 667 2166 721 ANGELORUM
2206 668 2287 718 IN
2326 667 2601 720 CAELO.
2684 657 2801 738 163

553 839 730 906 caeli
765 838 1140 904 secundum
1175 839 1646 904 innocentiam
1677 860 1695 919 ;
1756 837 1855 904 illi
1891 839 2004 922 qui
2051 838 2119 902 in
2165 837 2363 904 caelo
2400 837 2647 904 ultimo
2682 857 2806 904 seu

552 937 773 1018 primo
803 945 988 1012 sunt,
1016 935 1084 1000 in
1115 935 1516 999 innocentia
1540 937 1738 1019 primi
1770 956 1891 999 seu
1914 934 2141 998 ultimi
2170 935 2426 1016 gradus
2458 945 2619 1000 sunt
2646 957 2661 1014 ;
2702 933 2806 998 illi

551 1031 664 1118 qui
693 1033 762 1096 in
794 1031 992 1096 caelo
1024 1032 1252 1096 medio
1285 1053 1405 1096 seu
1437 1032 1741 1116 secundo
1772 1042 1955 1109 sunt,
1989 1033 2059 1096 in
2092 1033 2490 1096 innocentia
2522 1031 2803 1096 secundi

548 1145 670 1190 seu
700 1128 910 1208 medii
947 1126 1201 1210 gradus
1233 1138 1436 1206 sunt;
1484 1129 1598 1210 qui
1629 1136 1865 1192 autem
1902 1129 1969 1191 in
2002 1126 2203 1191 caelo
2232 1128 2486 1191 intimo
2510 1148 2632 1191 seu
2664 1137 2801 1191 ter·

552 1223 650 1288 tio
683 1232 866 1300 sunt,
895 1223 962 1288 in
984 1224 1382 1287 innocentia
1409 1223 1594 1288 tertii
1619 1245 1740 1289 seu
1772 1223 1994 1288 intimi
2026 1223 2280 1306 gradus
2312 1233 2473 1286 sunt
2503 1243 2519 1302 ;
2553 1224 2621 1287 hi
2646 1223 2805 1287 ideo

549 1328 713 1383 sunt
747 1320 941 1401 ipsae
979 1319 1419 1384 innocentiae
1459 1319 1656 1395 caeli,
1693 1339 1851 1384 nam
1890 1340 2053 1402 prae
2084 1319 2333 1384 ceteris
2370 1328 2607 1382 amant
2646 1319 2802 1384 duci

551 1433 594 1478 a
629 1412 955 1490 Domino,
991 1412 1170 1478 sicut
1208 1413 1508 1479 infantes
1541 1436 1582 1479 a
1617 1435 1743 1479 suo
1780 1424 2015 1498 patre3
2063 1433 2269 1498 quare
2308 1415 2520 1478 etiam
2556 1415 2802 1497 recipi·-

545 1519 678 1573 unt
725 1509 1050 1572 Divinum
1097 1529 1357 1585 verum,
1398 1511 1582 1593 quod
1627 1510 1739 1574 vel
1788 1509 2191 1574 immediate
2236 1529 2279 1572 a
2325 1509 2649 1586 Domino,
2688 1509 2803 1574 vel

549 1605 858 1670 mediate
884 1623 1006 1686 per
1028 1603 1335 1668 Verbum
1369 1623 1450 1668 ac
1478 1625 1597 1688 per
1619 1604 2198 1688 praedicationes,
2220 1603 2531 1680 audiunt,
2557 1605 2801 1668 statim

549 1699 919 1765 voluntate
974 1710 1044 1765 et
1102 1699 1362 1764 faciunt
1421 1699 1614 1776 illud,
1655 1711 1729 1764 et
1788 1700 1885 1764 sic
1936 1699 2271 1763 mandant
2328 1701 2535 1763 vitae.
2631 1699 2802 1764 Inde

546 1793 683 1858 illis
720 1804 924 1858 tanta
959 1795 1304 1878 sapientia
1340 1815 1505 1879 prae
1542 1795 1812 1877 angelis
1848 1794 2239 1859 inferiorum
2278 1794 2626 1858 caelorum
2669 1794 2799 1876 (vi-

547 1890 796 1954 deatur
831 1908 896 1954 n.
938 1905 1083 1972 270,
1120 1889 1298 1974 271).
1391 1889 1570 1972 Quia
1606 1891 1708 1955 illi
1744 1891 1975 1972 angeli
2008 1890 2187 1954 tales
2225 1899 2407 1966 sunt,
2442 1891 2603 1954 ideo
2639 1900 2801 1954 sunt

543 1985 841 2068 proximi
874 1985 1197 2062 Domino,
1232 2007 1273 2048 a
1307 2006 1445 2068 quo
1475 1986 1612 2050 illis
1642 1995 1753 2050 est
1784 1987 2204 2060 innocentia,
2232 1995 2305 2049 et
2335 2005 2607 2069 quoque
2638 1995 2801 2049 sunt

547 2081 848 2162 separati
893 2099 934 2144 a
977 2081 1272 2163 proprio,
1312 2081 1490 2145 adeo
1525 2091 1602 2146 ut
1648 2082 1888 2144 vivant
1924 2082 2117 2164 quasi
2162 2081 2231 2145 in
2279 2080 2601 2144 Domino,
2692 2079 2803 2144 Illi

547 2186 886 2258 apparent
923 2175 1270 2259 simplices
1307 2176 1374 2241 in
1413 2187 1715 2242 externa
1750 2176 1992 2253 forma,
2029 2197 2108 2241 ac
2150 2193 2385 2241 coram
2422 2176 2640 2241 oculis
2677 2195 2800 2240 an·-

547 2271 862 2353 gelorum
909 2271 1298 2336 inferiorum
1343 2271 1691 2336 caelorum
1750 2274 1926 2336 sicut
1967 2272 2287 2348 infanteS,
2336 2273 2437 2336 ita
2495 2271 2799 2355 parvuli;

545 2375 623 2430 et
657 2385 926 2449 quoque
963 2368 1144 2430 sicut
1189 2367 1302 2450 qui
1350 2386 1488 2431 non
1528 2367 1820 2432 multum
1858 2367 2157 2450 sapiunt,
2199 2368 2484 2431 tametsi
2523 2367 2798 2450 sapien-

548 2461 796 2526 tissimi
828 2463 1234 2544 angelorum
1267 2462 1442 2528 caeli
1479 2473 1640 2527 sunt
1672 2483 1691 2542 ;
1738 2473 1992 2527 norunt
2024 2464 2206 2528 enim
2246 2461 2429 2546 quod
2457 2462 2596 2526 illis
2632 2461 2799 2526 nihil

547 2557 931 2639 sapientiae
967 2558 1058 2621 sit
1096 2577 1190 2620 ex
1226 2577 1322 2633 se,
1356 2569 1428 2622 et
1461 2559 1643 2641 quod
1679 2579 1922 2640 sapere
1954 2559 2044 2624 sit
2082 2558 2153 2623 id
2190 2577 2611 2640 agnoscere:
2651 2567 2800 2622 tum

544 2651 730 2735 quod
751 2654 976 2717 sciunt
1002 2654 1094 2717 sit
1117 2656 1313 2737 quasi
1333 2654 1504 2719 nihil
1527 2651 1909 2737 respective
1935 2656 2023 2719 ad
2054 2655 2125 2718 id
2156 2652 2339 2738 quod
2364 2675 2502 2718 non
2528 2654 2752 2717 sciunt
2782 2674 2798 2732 ;

539 2746 618 2810 id
663 2750 860 2824 scire,
893 2768 1278 2830 agnoscere
1323 2759 1394 2814 et
1439 2751 1791 2831 percipere
1829 2750 2069 2814 dicunt
2114 2770 2265 2815 esse
2304 2749 2594 2833 primum
2640 2768 2798 2831 gra-

545 2842 710 2906 dum
769 2844 858 2906 ad
917 2844 1350 2927 sapientiam.
1443 2842 1620 2909 Sunt
1674 2847 1887 2910 etiam
1946 2844 2047 2909 illi
2104 2845 2339 2928 angeli
2396 2846 2581 2921 nudi,
2626 2856 2797 2928 quo-

543 2938 732 3001 ·niam
769 2938 1048 3002 nuditas
1085 2940 1582 3021 correspondet
1620 2939 2145 3005 innocentiaeffl

673 3033 864 3099 281·
909 3032 1016 3097 De
1054 3035 1454 3098 innocentia
1479 3035 1773 3099 multum
1812 3036 2083 3101 locutus
2120 3054 2271 3100 sum
2310 3055 2465 3099 cum
2503 3034 2795 3118 angelis„

547 3137 620 3191 et
651 3127 1058 3192 informatus
1082 3130 1264 3213 quod
1303 3132 1705 3195 innocentia
1737 3133 1828 3196 sit
1862 3132 2037 3195 Esse
2070 3134 2290 3195 omnis
2322 3132 2506 3207 boni,
2534 3142 2605 3195 et
2633 3132 2799 3195 inde

546 3223 731 3305 quod
770 3222 1026 3287 bonum
1065 3234 1340 3289 tantum
1379 3227 1469 3289 sit
1509 3226 1765 3289 bonum
1805 3238 2141 3311 quantum
2188 3228 2255 3289 in
2293 3226 2415 3291 illo
2454 3236 2562 3290 est
2602 3227 2797 3289 inno-

545 3318 822 3396 centia;
870 3329 1375 3402 consequenter
1410 3321 1597 3403 quod
1634 3324 1973 3403 sapientia
2011 3331 2285 3387 tantum
2324 3323 2414 3387 sit
2459 3322 2800 3404 sapientia

547 3424 881 3497 quantum
913 3414 1104 3479 ducit
1141 3416 1230 3479 ab
1265 3417 1667 3481 innocentia
1697 3439 1713 3496 ;
1761 3418 2075 3483 similiter
2112 3438 2325 3494 amor,
2360 3418 2685 3493 charitas,
2725 3427 2797 3481 et

545 3506 718 3572 fides
745 3504 834 3588 3¹⁴)
893 3518 966 3574 et
1012 3510 1198 3592 quod
1242 3511 1404 3575 inde
1449 3504 1562 3587 sit,
1601 3513 1788 3595 quod
1826 3532 2035 3577 nemo
2069 3514 2327 3581 intrare
2372 3514 2593 3596 possit
2640 3532 2795 3576 cae-

1420 3739 1498 3791 (tx
1525 3750 1725 3782 lucanis
1748 3742 2079 3795 can-manus.)

655 3836 739 3906 (i)
760 3834 940 3909 Quod
960 3853 1174 3894 omnes
1191 3838 1250 3893 in
1267 3838 1482 3895 intImo
1495 3841 1664 3896 caelo
1683 3842 1805 3896 sint
1821 3841 2197 3897 innocentiae
2217 3843 2328 3911 (ιω
2340 3854 2423 3913 54,
2440 3842 2594 3913 2736,
2614 3840 2795 3913 3887).

656 3906 736 3963 Et
760 3910 924 3979 quod
957 3909 1100 3965 ideo
1124 3922 1457 3981 appareant
1480 3911 1613 3969 aliis
1637 3922 1709 3967 ut
1734 3913 1997 3969 infantes
2025 3916 2109 3983 (n.
2141 3914 2283 3984 154).

713 3979 832 4033 uod
860 3980 1041 4035 etiam
1070 3980 1192 4036 sint
1218 3982 1364 4036 nudi
1393 3982 1475 4051 (n.
1509 3982 1622 4051 165,
1650 3982 1806 4052 8375,
1834 3984 2019 4053 9960).

715 4051 834 4105 uod
855 4053 1097 4107 nuditas
1121 4052 1203 4107 sit
1224 4052 1606 4109 innocentiae
1635 4056 1716 4121 (n.
1750 4055 1865 4123 165,
1893 4055 2077 4125 8375).

713 4120 832 4175 uod
861 4138 992 4177 mos
1011 4122 1092 4177 sit
1111 4123 1420 4193 spiritibus
1439 4124 1703 4180 testandi
1727 4126 2131 4181 innocentiam
2149 4142 2255 4199 per
2268 4124 2579 4182 extrahere
2598 4136 2796 4183 vestes

546 4198 612 4249 et
629 4206 700 4247 se
721 4192 934 4249 sistere
960 4192 1158 4249 nudos
1185 4197 1264 4265 (n.
1295 4194 1461 4265 [165‚]
1489 4195 1644 4265 8375,
1671 4196 1856 4265 9960).
2544 4204 2553 4216 ‘
2764 4208 2771 4217 ‘

526 4299 534 4305 ·
655 4290 741 4361 (k)
781 4289 960 4365 Quod
981 4308 1164 4348 omne
1179 4292 1408 4347 bonum
1428 4291 1650 4347 amoris
1675 4302 1741 4347 et
1762 4308 1970 4349 verum
1992 4292 2133 4349 fidei
2160 4293 2221 4347 in
2245 4308 2311 4349 se
2336 4292 2558 4349 habere
2576 4294 2795 4349 debeat

539 4360 970 4426 innocentiam,
997 4372 1066 4419 ut
1097 4364 1176 4418 sit
1205 4365 1434 4419 bonum
1463 4374 1528 4418 et
1554 4378 1763 4419 verum
1792 4366 1876 4431 (n.
1904 4365 2061 4435 2526,
2088 4364 2245 4431 2780,
2273 4378 2333 4433 31
2350 4377 2429 4427 11.
2456 4378 2613 4434 3994,
2634 4364 2794 4433 6013,

533 4434 704 4540 ‚⁷8⁴0'
729 4434 1214 4562 9ggzi⁸n1nod3e41>1⁰tia
1239 4506 1320 4561 sit
1343 4506 1664 4561 essentiale
1688 4505 1833 4562 boni
1860 4517 1923 4562 et
1946 4506 2075 4561 veri
2104 4508 2186 4575 (n.
2214 4504 2368 4571 2780,
2396 4506 2579 4573 7840).

757 4578 840 4635 od
867 4592 1053 4633 nemo
1082 4578 1146 4633 in
1171 4579 1402 4634 caelum
1441 4578 1801 4633 admittatur
1826 4578 1937 4634 nisi
1964 4578 2019 4633 ei
2052 4578 2133 4633 sit
2166 4577 2392 4647 aliquid
2415 4576 2795 4633 innocentiae

553 4652 634 4719 (n.
656 4652 844 4719 4797)-
