<?xml version="1.0" encoding="UTF-8"?>
<!DOCTYPE html PUBLIC "-//W3C//DTD XHTML 1.0 Transitional//EN"
    "http://www.w3.org/TR/xhtml1/DTD/xhtml1-transitional.dtd">
<html xmlns="http://www.w3.org/1999/xhtml" xml:lang="en" lang="en">
 <head>
  <title>
</title>
<meta http-equiv="Content-Type" content="text/html;charset=utf-8" />
  <meta name='ocr-system' content='tesseract 3.04.00' />
  <meta name='ocr-capabilities' content='ocr_page ocr_carea ocr_par ocr_line ocrx_word'/>
</head>
<body>
  <div class='ocr_page' id='page_1' title='image "./exauditisetvisi00swedgoog_0305.png"; bbox 0 0 3371 5304; ppageno 0'>
   <div class='ocr_carea' id='block_1_1' title="bbox 702 606 2840 677">
    <p class='ocr_par' dir='ltr' id='par_1_1' title="bbox 702 606 2840 677">
     <span class='ocr_line' id='line_1_1' title="bbox 702 606 2840 677; baseline -0.006 -8"><span class='ocrx_word' id='word_1_1' title='bbox 702 616 931 669; x_wconf 82' lang='lat' dir='ltr'>HOMO</span> <span class='ocrx_word' id='word_1_2' title='bbox 964 614 1145 666; x_wconf 84' lang='lat' dir='ltr'>POST</span> <span class='ocrx_word' id='word_1_3' title='bbox 1179 612 1505 665; x_wconf 72' lang='lat' dir='ltr'>MORTEM</span> <span class='ocrx_word' id='word_1_4' title='bbox 1538 611 1675 663; x_wconf 77' lang='lat' dir='ltr'><strong>EST</strong></span> <span class='ocrx_word' id='word_1_5' title='bbox 1707 609 1980 677; x_wconf 77' lang='lat' dir='ltr'>QUALIS</span> <span class='ocrx_word' id='word_1_6' title='bbox 2009 607 2182 675; x_wconf 74' lang='lat' dir='ltr'><strong>Ejus</strong></span> <span class='ocrx_word' id='word_1_7' title='bbox 2210 606 2394 657; x_wconf 79' lang='lat' dir='ltr'><strong>vrrA</strong></span> <span class='ocrx_word' id='word_1_8' title='bbox 2426 606 2621 659; x_wconf 84' lang='lat' dir='ltr'><strong>FUIT.</strong></span> <span class='ocrx_word' id='word_1_9' title='bbox 2713 608 2840 676; x_wconf 83' lang='lat'><strong>299</strong></span> 
     </span>
    </p>
   </div>
   <div class='ocr_carea' id='block_1_2' title="bbox 581 776 2880 3114">
    <p class='ocr_par' dir='ltr' id='par_1_2' title="bbox 586 776 2836 1708">
     <span class='ocr_line' id='line_1_2' title="bbox 593 776 2834 865; baseline -0.003 -14"><span class='ocrx_word' id='word_1_10' title='bbox 593 788 680 853; x_wconf 92' lang='lat' dir='ltr'><strong>de</strong></span> <span class='ocrx_word' id='word_1_11' title='bbox 744 785 1179 851; x_wconf 87' lang='lat' dir='ltr'><strong>ordinatione</strong></span> <span class='ocrx_word' id='word_1_12' title='bbox 1241 781 1514 849; x_wconf 89' lang='lat' dir='ltr'><strong>illorum</strong></span> <span class='ocrx_word' id='word_1_13' title='bbox 1581 800 1858 865; x_wconf 86' lang='lat' dir='ltr'><strong>prorsus</strong></span> <span class='ocrx_word' id='word_1_14' title='bbox 1915 778 2086 845; x_wconf 82' lang='lat' dir='ltr'><strong>nihil</strong></span> <span class='ocrx_word' id='word_1_15' title='bbox 2149 779 2328 857; x_wconf 87' lang='lat' dir='ltr'><strong>scit;</strong></span> <span class='ocrx_word' id='word_1_16' title='bbox 2395 778 2522 843; x_wconf 90' lang='lat' dir='ltr'><strong>sed</strong></span> <span class='ocrx_word' id='word_1_17' title='bbox 2577 776 2834 861; x_wconf 87' lang='lat' dir='ltr'><strong>aliquid</strong></span> 
     </span>
     <span class='ocr_line' id='line_1_3' title="bbox 590 872 2834 951; baseline -0.003 -8"><span class='ocrx_word' id='word_1_18' title='bbox 590 881 1073 945; x_wconf 81' lang='lat' dir='ltr'><strong>manifestatur</strong></span> <span class='ocrx_word' id='word_1_19' title='bbox 1102 878 1166 943; x_wconf 90' lang='lat' dir='ltr'><strong>ei</strong></span> <span class='ocrx_word' id='word_1_20' title='bbox 1196 878 1265 941; x_wconf 90' lang='lat' dir='ltr'><strong>in</strong></span> <span class='ocrx_word' id='word_1_21' title='bbox 1296 876 1521 941; x_wconf 87' lang='lat' dir='ltr'><strong>altera</strong></span> <span class='ocrx_word' id='word_1_22' title='bbox 1541 877 1710 951; x_wconf 79' lang='lat' dir='ltr'><strong>vita,</strong></span> <span class='ocrx_word' id='word_1_23' title='bbox 1737 892 1898 939; x_wconf 88' lang='lat' dir='ltr'><strong>nam</strong></span> <span class='ocrx_word' id='word_1_24' title='bbox 1921 872 2302 937; x_wconf 90' lang='lat' dir='ltr'><strong>secundum</strong></span> <span class='ocrx_word' id='word_1_25' title='bbox 2326 872 2834 937; x_wconf 83' lang='lat' dir='ltr'>ordinationem</span> 
     </span>
     <span class='ocr_line' id='line_1_4' title="bbox 590 964 2832 1053; baseline -0.003 -15"><span class='ocrx_word' id='word_1_26' title='bbox 590 992 825 1038; x_wconf 88' lang='lat' dir='ltr'><strong>eorum</strong></span> <span class='ocrx_word' id='word_1_27' title='bbox 856 982 967 1039; x_wconf 90' lang='lat' dir='ltr'><strong>est</strong></span> <span class='ocrx_word' id='word_1_28' title='bbox 1000 972 1062 1035; x_wconf 91' lang='lat' dir='ltr'><strong>ei</strong></span> <span class='ocrx_word' id='word_1_29' title='bbox 1093 971 1419 1036; x_wconf 81' lang='lat' dir='ltr'>extensio</span> <span class='ocrx_word' id='word_1_30' title='bbox 1444 969 1892 1053; x_wconf 83' lang='lat' dir='ltr'><strong>cogitationis</strong></span> <span class='ocrx_word' id='word_1_31' title='bbox 1923 976 1997 1032; x_wconf 90' lang='lat' dir='ltr'><strong>et</strong></span> <span class='ocrx_word' id='word_1_32' title='bbox 2029 964 2414 1031; x_wconf 66' lang='lat' dir='ltr'><strong>affectionis</strong></span> <span class='ocrx_word' id='word_1_33' title='bbox 2443 965 2556 1041; x_wconf 90' lang='lat' dir='ltr'><strong>ibi,</strong></span> <span class='ocrx_word' id='word_1_34' title='bbox 2580 977 2832 1032; x_wconf 86' lang='lat' dir='ltr'><strong>exten·</strong></span> 
     </span>
     <span class='ocr_line' id='line_1_5' title="bbox 588 1061 2834 1144; baseline -0.003 -14"><span class='ocrx_word' id='word_1_35' title='bbox 588 1068 691 1130; x_wconf 91' lang='lat' dir='ltr'><strong>sio</strong></span> <span class='ocrx_word' id='word_1_36' title='bbox 745 1067 815 1129; x_wconf 89' lang='lat' dir='ltr'><strong>in</strong></span> <span class='ocrx_word' id='word_1_37' title='bbox 860 1067 1235 1129; x_wconf 80' lang='lat' dir='ltr'><strong>societates</strong></span> <span class='ocrx_word' id='word_1_38' title='bbox 1270 1063 1615 1127; x_wconf 86' lang='lat' dir='ltr'><strong>caelestes</strong></span> <span class='ocrx_word' id='word_1_39' title='bbox 1656 1063 1716 1127; x_wconf 88' lang='lat' dir='ltr'><strong>si</strong></span> <span class='ocrx_word' id='word_1_40' title='bbox 1773 1080 2076 1144; x_wconf 89' lang='lat' dir='ltr'><strong>regnans</strong></span> <span class='ocrx_word' id='word_1_41' title='bbox 2120 1080 2314 1124; x_wconf 89' lang='lat' dir='ltr'><strong>amor</strong></span> <span class='ocrx_word' id='word_1_42' title='bbox 2357 1061 2680 1125; x_wconf 84' lang='lat' dir='ltr'><strong>consistit</strong></span> <span class='ocrx_word' id='word_1_43' title='bbox 2741 1082 2834 1125; x_wconf 88' lang='lat' dir='ltr'><strong>ex</strong></span> 
     </span>
     <span class='ocr_line' id='line_1_6' title="bbox 588 1151 2836 1235; baseline -0.002 -13"><span class='ocrx_word' id='word_1_44' title='bbox 588 1158 933 1222; x_wconf 85' lang='lat' dir='ltr'><strong>amoribus</strong></span> <span class='ocrx_word' id='word_1_45' title='bbox 963 1156 1158 1231; x_wconf 87' lang='lat' dir='ltr'><strong>caeli,</strong></span> <span class='ocrx_word' id='word_1_46' title='bbox 1192 1164 1264 1221; x_wconf 87' lang='lat' dir='ltr'><strong>at</strong></span> <span class='ocrx_word' id='word_1_47' title='bbox 1298 1157 1369 1219; x_wconf 89' lang='lat' dir='ltr'><strong>in</strong></span> <span class='ocrx_word' id='word_1_48' title='bbox 1403 1155 1780 1220; x_wconf 82' lang='lat' dir='ltr'><strong>societates</strong></span> <span class='ocrx_word' id='word_1_49' title='bbox 1811 1151 2177 1219; x_wconf 79' lang='lat' dir='ltr'><strong>infernales</strong></span> <span class='ocrx_word' id='word_1_50' title='bbox 2213 1152 2270 1215; x_wconf 89' lang='lat' dir='ltr'><strong>si</strong></span> <span class='ocrx_word' id='word_1_51' title='bbox 2309 1172 2610 1235; x_wconf 85' lang='lat' dir='ltr'><strong>regnans</strong></span> <span class='ocrx_word' id='word_1_52' title='bbox 2641 1172 2836 1217; x_wconf 89' lang='lat' dir='ltr'><strong>amor</strong></span> 
     </span>
     <span class='ocr_line' id='line_1_7' title="bbox 588 1245 2832 1329; baseline -0.002 -14"><span class='ocrx_word' id='word_1_53' title='bbox 588 1250 912 1315; x_wconf 88' lang='lat' dir='ltr'><strong>consistit</strong></span> <span class='ocrx_word' id='word_1_54' title='bbox 964 1270 1057 1313; x_wconf 84' lang='lat' dir='ltr'><strong>ex</strong></span> <span class='ocrx_word' id='word_1_55' title='bbox 1114 1248 1461 1314; x_wconf 90' lang='lat' dir='ltr'><strong>amoribus</strong></span> <span class='ocrx_word' id='word_1_56' title='bbox 1504 1248 1767 1313; x_wconf 79' lang='lat' dir='ltr'><strong>inferni.</strong></span> <span class='ocrx_word' id='word_1_57' title='bbox 1857 1245 2062 1329; x_wconf 84' lang='lat' dir='ltr'><strong>Quod</strong></span> <span class='ocrx_word' id='word_1_58' title='bbox 2107 1248 2331 1310; x_wconf 91' lang='lat' dir='ltr'><strong>omnis</strong></span> <span class='ocrx_word' id='word_1_59' title='bbox 2375 1246 2716 1327; x_wconf 83' lang='lat' dir='ltr'><strong>cogitatio</strong></span> <span class='ocrx_word' id='word_1_60' title='bbox 2759 1257 2832 1311; x_wconf 92' lang='lat' dir='ltr'><strong>et</strong></span> 
     </span>
     <span class='ocr_line' id='line_1_8' title="bbox 587 1339 2832 1425; baseline -0.001 -18"><span class='ocrx_word' id='word_1_61' title='bbox 587 1341 858 1409; x_wconf 61' lang='lat' dir='ltr'><strong>affectio</strong></span> <span class='ocrx_word' id='word_1_62' title='bbox 903 1343 1263 1424; x_wconf 85' lang='lat' dir='ltr'><strong>spirituum</strong></span> <span class='ocrx_word' id='word_1_63' title='bbox 1310 1352 1381 1407; x_wconf 93' lang='lat' dir='ltr'><strong>et</strong></span> <span class='ocrx_word' id='word_1_64' title='bbox 1433 1340 1839 1425; x_wconf 86' lang='lat' dir='ltr'><strong>angelorum</strong></span> <span class='ocrx_word' id='word_1_65' title='bbox 1873 1339 2360 1405; x_wconf 85' lang='lat' dir='ltr'><strong>extensionem</strong></span> <span class='ocrx_word' id='word_1_66' title='bbox 2395 1339 2704 1404; x_wconf 89' lang='lat' dir='ltr'><strong>habeant</strong></span> <span class='ocrx_word' id='word_1_67' title='bbox 2761 1341 2832 1405; x_wconf 88' lang='lat' dir='ltr'><strong>in</strong></span> 
     </span>
     <span class='ocr_line' id='line_1_9' title="bbox 586 1432 2828 1518; baseline -0.001 -17"><span class='ocrx_word' id='word_1_68' title='bbox 586 1438 989 1511; x_wconf 87' lang='lat' dir='ltr'><strong>societates,</strong></span> <span class='ocrx_word' id='word_1_69' title='bbox 1019 1436 1335 1500; x_wconf 89' lang='lat' dir='ltr'><strong>videatur</strong></span> <span class='ocrx_word' id='word_1_70' title='bbox 1371 1454 1577 1518; x_wconf 89' lang='lat' dir='ltr'><strong>supra</strong></span> <span class='ocrx_word' id='word_1_71' title='bbox 1613 1436 1680 1498; x_wconf 91' lang='lat' dir='ltr'><strong>in</strong></span> <span class='ocrx_word' id='word_1_72' title='bbox 1720 1434 2014 1499; x_wconf 89' lang='lat' dir='ltr'><strong>articulo</strong></span> <span class='ocrx_word' id='word_1_73' title='bbox 2055 1433 2158 1497; x_wconf 93' lang='lat' dir='ltr'><strong>De</strong></span> <span class='ocrx_word' id='word_1_74' title='bbox 2191 1432 2547 1515; x_wconf 87' lang='lat' dir='ltr'><strong>Sapientia</strong></span> <span class='ocrx_word' id='word_1_75' title='bbox 2583 1433 2828 1515; x_wconf 86' lang='lat' dir='ltr'><strong>Ange·</strong></span> 
     </span>
     <span class='ocr_line' id='line_1_10' title="bbox 586 1527 2830 1606; baseline -0.001 -10"><span class='ocrx_word' id='word_1_76' title='bbox 586 1531 807 1596; x_wconf 86' lang='lat' dir='ltr'><strong>lorum</strong></span> <span class='ocrx_word' id='word_1_77' title='bbox 864 1528 1079 1606; x_wconf 90' lang='lat' dir='ltr'><strong>Caeli,</strong></span> <span class='ocrx_word' id='word_1_78' title='bbox 1126 1541 1201 1595; x_wconf 92' lang='lat' dir='ltr'><strong>et</strong></span> <span class='ocrx_word' id='word_1_79' title='bbox 1259 1531 1329 1593; x_wconf 92' lang='lat' dir='ltr'><strong>in</strong></span> <span class='ocrx_word' id='word_1_80' title='bbox 1387 1528 1677 1594; x_wconf 88' lang='lat' dir='ltr'><strong>articulo</strong></span> <span class='ocrx_word' id='word_1_81' title='bbox 1738 1528 1847 1595; x_wconf 92' lang='lat' dir='ltr'><strong>De</strong></span> <span class='ocrx_word' id='word_1_82' title='bbox 1905 1528 2160 1593; x_wconf 91' lang='lat' dir='ltr'><strong>Forma</strong></span> <span class='ocrx_word' id='word_1_83' title='bbox 2203 1527 2395 1593; x_wconf 81' lang='lat' dir='ltr'><strong>Caeli</strong></span> <span class='ocrx_word' id='word_1_84' title='bbox 2455 1529 2830 1593; x_wconf 87' lang='lat' dir='ltr'><strong>secundum</strong></span> 
     </span>
     <span class='ocr_line' id='line_1_11' title="bbox 586 1620 2352 1708; baseline -0.002 -19"><span class='ocrx_word' id='word_1_85' title='bbox 586 1644 791 1708; x_wconf 91' lang='lat' dir='ltr'><strong>quam</strong></span> <span class='ocrx_word' id='word_1_86' title='bbox 827 1624 1383 1688; x_wconf 87' lang='lat' dir='ltr'><strong>consociationes</strong></span> <span class='ocrx_word' id='word_1_87' title='bbox 1428 1633 1501 1687; x_wconf 90' lang='lat' dir='ltr'><strong>et</strong></span> <span class='ocrx_word' id='word_1_88' title='bbox 1538 1622 2202 1687; x_wconf 85' lang='lat' dir='ltr'><strong>communicationes</strong></span> <span class='ocrx_word' id='word_1_89' title='bbox 2237 1620 2352 1685; x_wconf 90' lang='lat' dir='ltr'><strong>ibi.</strong></span> 
     </span>
    </p>

    <p class='ocr_par' dir='ltr' id='par_1_3' title="bbox 581 1720 2880 2908">
     <span class='ocr_line' id='line_1_12' title="bbox 710 1720 2828 1809; baseline -0.002 -19"><span class='ocrx_word' id='word_1_90' title='bbox 710 1724 911 1809; x_wconf 80' lang='grc'><strong>478.</strong></span> <span class='ocrx_word' id='word_1_91' title='bbox 970 1722 1107 1789; x_wconf 88' lang='lat' dir='ltr'><strong>Sed</strong></span> <span class='ocrx_word' id='word_1_92' title='bbox 1145 1724 1341 1798; x_wconf 88' lang='lat' dir='ltr'><strong>haec,</strong></span> <span class='ocrx_word' id='word_1_93' title='bbox 1374 1744 1551 1809; x_wconf 90' lang='lat' dir='ltr'><strong>quae</strong></span> <span class='ocrx_word' id='word_1_94' title='bbox 1580 1720 1916 1786; x_wconf 59' lang='lat' dir='ltr'><strong>hassenus</strong></span> <span class='ocrx_word' id='word_1_95' title='bbox 1945 1720 2129 1786; x_wconf 59' lang='lat' dir='ltr'><strong>dieta</strong></span> <span class='ocrx_word' id='word_1_96' title='bbox 2161 1729 2344 1796; x_wconf 88' lang='lat' dir='ltr'><strong>sunt,</strong></span> <span class='ocrx_word' id='word_1_97' title='bbox 2379 1723 2586 1787; x_wconf 91' lang='lat' dir='ltr'><strong>modo</strong></span> <span class='ocrx_word' id='word_1_98' title='bbox 2616 1720 2828 1787; x_wconf 88' lang='lat' dir='ltr'><strong>affici·</strong></span> 
     </span>
     <span class='ocr_line' id='line_1_13' title="bbox 586 1814 2880 1900; baseline -0.002 -19"><span class='ocrx_word' id='word_1_99' title='bbox 586 1826 711 1881; x_wconf 88' lang='lat' dir='ltr'><strong>unt</strong></span> <span class='ocrx_word' id='word_1_100' title='bbox 770 1819 1273 1900; x_wconf 83' lang='lat' dir='ltr'><strong>cogitationem</strong></span> <span class='ocrx_word' id='word_1_101' title='bbox 1332 1817 1629 1881; x_wconf 88' lang='lat' dir='ltr'><strong>hominis</strong></span> <span class='ocrx_word' id='word_1_102' title='bbox 1682 1814 2062 1891; x_wconf 85' lang='lat' dir='ltr'><strong>rationalis,</strong></span> <span class='ocrx_word' id='word_1_103' title='bbox 2109 1822 2186 1879; x_wconf 87' lang='lat' dir='ltr'><strong>ut</strong></span> <span class='ocrx_word' id='word_1_104' title='bbox 2243 1834 2514 1898; x_wconf 86' lang='lat' dir='ltr'><strong>quoque</strong></span> <span class='ocrx_word' id='word_1_105' title='bbox 2573 1816 2828 1879; x_wconf 86' lang='lat' dir='ltr'><strong>sistan-</strong></span> <span class='ocrx_word' id='word_1_106' title='bbox 2873 1866 2880 1873; x_wconf 90' lang='lat'><em>.</em></span> 
     </span>
     <span class='ocr_line' id='line_1_14' title="bbox 584 1908 2828 1993; baseline -0.001 -17"><span class='ocrx_word' id='word_1_107' title='bbox 584 1920 695 1976; x_wconf 90' lang='lat' dir='ltr'><strong>tur</strong></span> <span class='ocrx_word' id='word_1_108' title='bbox 750 1911 839 1975; x_wconf 91' lang='lat' dir='ltr'><strong>ad</strong></span> <span class='ocrx_word' id='word_1_109' title='bbox 896 1912 1509 1993; x_wconf 87' lang='lat' dir='ltr'><strong>apperceptionem</strong></span> <span class='ocrx_word' id='word_1_110' title='bbox 1557 1928 1791 1974; x_wconf 87' lang='lat' dir='ltr'><strong>coram</strong></span> <span class='ocrx_word' id='word_1_111' title='bbox 1845 1908 2184 1983; x_wconf 86' lang='lat' dir='ltr'><strong>sensibus,</strong></span> <span class='ocrx_word' id='word_1_112' title='bbox 2231 1908 2439 1973; x_wconf 89' lang='lat' dir='ltr'><strong>velim</strong></span> <span class='ocrx_word' id='word_1_113' title='bbox 2485 1909 2828 1973; x_wconf 86' lang='lat' dir='ltr'><strong>adducere</strong></span> 
     </span>
     <span class='ocr_line' id='line_1_15' title="bbox 584 2001 2824 2087; baseline -0.001 -18"><span class='ocrx_word' id='word_1_114' title='bbox 584 2005 1071 2087; x_wconf 85' lang='lat' dir='ltr'><strong>experientias,</strong></span> <span class='ocrx_word' id='word_1_115' title='bbox 1100 2024 1221 2085; x_wconf 88' lang='lat' dir='ltr'><strong>per</strong></span> <span class='ocrx_word' id='word_1_116' title='bbox 1256 2023 1423 2087; x_wconf 90' lang='lat' dir='ltr'><strong>quas</strong></span> <span class='ocrx_word' id='word_1_117' title='bbox 1453 2003 1697 2067; x_wconf 88' lang='lat' dir='ltr'><strong>eadem</strong></span> <span class='ocrx_word' id='word_1_118' title='bbox 1729 2002 2164 2067; x_wconf 86' lang='lat' dir='ltr'><strong>illustrentur</strong></span> <span class='ocrx_word' id='word_1_119' title='bbox 2193 2011 2264 2066; x_wconf 89' lang='lat' dir='ltr'><strong>et</strong></span> <span class='ocrx_word' id='word_1_120' title='bbox 2292 2001 2824 2067; x_wconf 85' lang='lat' dir='ltr'><strong>confirmentur:</strong></span> 
     </span>
     <span class='ocr_line' id='line_1_16' title="bbox 586 2096 2829 2179; baseline -0.001 -18"><span class='ocrx_word' id='word_1_121' title='bbox 586 2097 843 2173; x_wconf 77' lang='lat' dir='ltr'><strong>Primo,</strong></span> <span class='ocrx_word' id='word_1_122' title='bbox 886 2096 1090 2179; x_wconf 84' lang='lat' dir='ltr'><strong>Quod</strong></span> <span class='ocrx_word' id='word_1_123' title='bbox 1128 2098 1340 2162; x_wconf 92' lang='lat' dir='ltr'><strong>homo</strong></span> <span class='ocrx_word' id='word_1_124' title='bbox 1376 2106 1538 2179; x_wconf 89' lang='lat' dir='ltr'><strong>post</strong></span> <span class='ocrx_word' id='word_1_125' title='bbox 1592 2108 1892 2161; x_wconf 88' lang='lat' dir='ltr'><strong>mortem</strong></span> <span class='ocrx_word' id='word_1_126' title='bbox 1929 2097 2020 2161; x_wconf 87' lang='lat' dir='ltr'><strong>sit</strong></span> <span class='ocrx_word' id='word_1_127' title='bbox 2079 2114 2243 2161; x_wconf 80' lang='lat' dir='ltr'><strong>suus·</strong></span> <span class='ocrx_word' id='word_1_128' title='bbox 2275 2114 2469 2160; x_wconf 89' lang='lat' dir='ltr'><strong>amor</strong></span> <span class='ocrx_word' id='word_1_129' title='bbox 2522 2115 2644 2161; x_wconf 86' lang='lat' dir='ltr'><strong>seu</strong></span> <span class='ocrx_word' id='word_1_130' title='bbox 2703 2116 2829 2159; x_wconf 85' lang='lat' dir='ltr'><strong>sua</strong></span> 
     </span>
     <span class='ocr_line' id='line_1_17' title="bbox 582 2189 2826 2272; baseline -0 -18"><span class='ocrx_word' id='word_1_131' title='bbox 582 2191 945 2255; x_wconf 83' lang='lat' dir='ltr'><strong>voluntas:</strong></span> <span class='ocrx_word' id='word_1_132' title='bbox 995 2190 1310 2267; x_wconf 78' lang='lat' dir='ltr'><strong>Secundo,</strong></span> <span class='ocrx_word' id='word_1_133' title='bbox 1347 2189 1551 2272; x_wconf 84' lang='lat' dir='ltr'><strong>Quod</strong></span> <span class='ocrx_word' id='word_1_134' title='bbox 1588 2190 1800 2253; x_wconf 86' lang='lat' dir='ltr'><strong>homo</strong></span> <span class='ocrx_word' id='word_1_135' title='bbox 1837 2197 2117 2253; x_wconf 89' lang='lat' dir='ltr'><strong>maneat</strong></span> <span class='ocrx_word' id='word_1_136' title='bbox 2156 2190 2224 2253; x_wconf 90' lang='lat' dir='ltr'><strong>in</strong></span> <span class='ocrx_word' id='word_1_137' title='bbox 2263 2200 2621 2254; x_wconf 86' lang='lat' dir='ltr'><strong>aeternum</strong></span> <span class='ocrx_word' id='word_1_138' title='bbox 2657 2210 2826 2272; x_wconf 86' lang='lat' dir='ltr'><strong>qua-</strong></span> 
     </span>
     <span class='ocr_line' id='line_1_18' title="bbox 588 2282 2822 2367; baseline -0 -19"><span class='ocrx_word' id='word_1_139' title='bbox 588 2285 671 2348; x_wconf 90' lang='lat' dir='ltr'><strong>lis</strong></span> <span class='ocrx_word' id='word_1_140' title='bbox 715 2294 823 2349; x_wconf 89' lang='lat' dir='ltr'><strong>est</strong></span> <span class='ocrx_word' id='word_1_141' title='bbox 870 2286 1096 2367; x_wconf 88' lang='lat' dir='ltr'><strong>quoad</strong></span> <span class='ocrx_word' id='word_1_142' title='bbox 1134 2304 1327 2347; x_wconf 90' lang='lat' dir='ltr'><strong>suam</strong></span> <span class='ocrx_word' id='word_1_143' title='bbox 1363 2282 1802 2347; x_wconf 87' lang='lat' dir='ltr'><strong>voluntatem</strong></span> <span class='ocrx_word' id='word_1_144' title='bbox 1847 2291 1969 2346; x_wconf 90' lang='lat' dir='ltr'><strong>aut</strong></span> <span class='ocrx_word' id='word_1_145' title='bbox 2011 2300 2321 2347; x_wconf 83' lang='lat' dir='ltr'><strong>amorem</strong></span> <span class='ocrx_word' id='word_1_146' title='bbox 2363 2291 2822 2364; x_wconf 86' lang='lat' dir='ltr'><strong>regnantem:</strong></span> 
     </span>
     <span class='ocr_line' id='line_1_19' title="bbox 600 2375 2826 2460; baseline 0 -20"><span class='ocrx_word' id='word_1_147' title='bbox 600 2376 839 2453; x_wconf 80' lang='lat' dir='ltr'><strong>Tertio,</strong></span> <span class='ocrx_word' id='word_1_148' title='bbox 880 2376 1085 2460; x_wconf 84' lang='lat' dir='ltr'><strong>Quod</strong></span> <span class='ocrx_word' id='word_1_149' title='bbox 1130 2378 1339 2443; x_wconf 87' lang='lat' dir='ltr'><strong>homo</strong></span> <span class='ocrx_word' id='word_1_150' title='bbox 1383 2378 1455 2440; x_wconf 88' lang='lat' dir='ltr'><strong>in</strong></span> <span class='ocrx_word' id='word_1_151' title='bbox 1500 2375 1768 2443; x_wconf 88' lang='lat' dir='ltr'><strong>caelum</strong></span> <span class='ocrx_word' id='word_1_152' title='bbox 1813 2378 2073 2452; x_wconf 86' lang='lat' dir='ltr'><strong>veniat,</strong></span> <span class='ocrx_word' id='word_1_153' title='bbox 2115 2378 2222 2439; x_wconf 77' lang='lat' dir='ltr'><strong>c&#39;ui</strong></span> <span class='ocrx_word' id='word_1_154' title='bbox 2267 2394 2462 2441; x_wconf 86' lang='lat' dir='ltr'><strong>amor</strong></span> <span class='ocrx_word' id='word_1_155' title='bbox 2503 2376 2826 2441; x_wconf 86' lang='lat' dir='ltr'><strong>caelestis</strong></span> 
     </span>
     <span class='ocr_line' id='line_1_20' title="bbox 581 2471 2826 2552; baseline 0 -19"><span class='ocrx_word' id='word_1_156' title='bbox 581 2471 955 2552; x_wconf 87' lang='lat' dir='ltr'><strong>spiritualis</strong></span> <span class='ocrx_word' id='word_1_157' title='bbox 986 2480 1116 2547; x_wconf 87' lang='lat' dir='ltr'><strong>est,</strong></span> <span class='ocrx_word' id='word_1_158' title='bbox 1152 2490 1230 2535; x_wconf 89' lang='lat' dir='ltr'><strong>ac</strong></span> <span class='ocrx_word' id='word_1_159' title='bbox 1270 2473 1339 2533; x_wconf 90' lang='lat' dir='ltr'><strong>in</strong></span> <span class='ocrx_word' id='word_1_160' title='bbox 1376 2471 1714 2535; x_wconf 86' lang='lat' dir='ltr'><strong>infernum</strong></span> <span class='ocrx_word' id='word_1_161' title='bbox 1746 2472 1854 2534; x_wconf 89' lang='lat' dir='ltr'><strong>cui</strong></span> <span class='ocrx_word' id='word_1_162' title='bbox 1892 2488 2090 2535; x_wconf 83' lang='lat' dir='ltr'><strong>amor</strong></span> <span class='ocrx_word' id='word_1_163' title='bbox 2115 2488 2488 2550; x_wconf 87' lang='lat' dir='ltr'><strong>corporeus</strong></span> <span class='ocrx_word' id='word_1_164' title='bbox 2518 2480 2590 2533; x_wconf 90' lang='lat' dir='ltr'><strong>et</strong></span> <span class='ocrx_word' id='word_1_165' title='bbox 2629 2489 2826 2533; x_wconf 86' lang='lat' dir='ltr'><strong>mun·</strong></span> 
     </span>
     <span class='ocr_line' id='line_1_21' title="bbox 582 2562 2826 2648; baseline -0.001 -20"><span class='ocrx_word' id='word_1_166' title='bbox 582 2564 803 2628; x_wconf 89' lang='lat' dir='ltr'><strong>danus</strong></span> <span class='ocrx_word' id='word_1_167' title='bbox 846 2565 1103 2648; x_wconf 88' lang='lat' dir='ltr'><strong>absque</strong></span> <span class='ocrx_word' id='word_1_168' title='bbox 1150 2564 1436 2629; x_wconf 88' lang='lat' dir='ltr'><strong>caelesti</strong></span> <span class='ocrx_word' id='word_1_169' title='bbox 1498 2573 1571 2629; x_wconf 89' lang='lat' dir='ltr'><strong>et</strong></span> <span class='ocrx_word' id='word_1_170' title='bbox 1629 2563 1982 2647; x_wconf 86' lang='lat' dir='ltr'><strong>spirituali.</strong></span> <span class='ocrx_word' id='word_1_171' title='bbox 2075 2562 2347 2641; x_wconf 81' lang='lat' dir='ltr'><strong>Quarto,</strong></span> <span class='ocrx_word' id='word_1_172' title='bbox 2391 2562 2594 2644; x_wconf 82' lang='lat' dir='ltr'><strong>Quod</strong></span> <span class='ocrx_word' id='word_1_173' title='bbox 2653 2562 2826 2627; x_wconf 90' lang='lat' dir='ltr'><strong>fides</strong></span> 
     </span>
     <span class='ocr_line' id='line_1_22' title="bbox 584 2657 2823 2733; baseline -0.001 -11"><span class='ocrx_word' id='word_1_174' title='bbox 584 2677 723 2723; x_wconf 88' lang='lat' dir='ltr'><strong>non</strong></span> <span class='ocrx_word' id='word_1_175' title='bbox 791 2667 1069 2722; x_wconf 89' lang='lat' dir='ltr'><strong>maneat</strong></span> <span class='ocrx_word' id='word_1_176' title='bbox 1131 2657 1505 2733; x_wconf 88' lang='lat' dir='ltr'><strong>hominem,</strong></span> <span class='ocrx_word' id='word_1_177' title='bbox 1564 2658 1622 2721; x_wconf 89' lang='lat' dir='ltr'><strong>si</strong></span> <span class='ocrx_word' id='word_1_178' title='bbox 1687 2678 1826 2722; x_wconf 91' lang='lat' dir='ltr'><strong>non</strong></span> <span class='ocrx_word' id='word_1_179' title='bbox 1898 2677 1990 2722; x_wconf 87' lang='lat' dir='ltr'><strong>ex</strong></span> <span class='ocrx_word' id='word_1_180' title='bbox 2061 2675 2294 2722; x_wconf 83' lang='lat' dir='ltr'><strong>amore</strong></span> <span class='ocrx_word' id='word_1_181' title='bbox 2360 2657 2648 2722; x_wconf 84' lang='lat' dir='ltr'><strong>caelesti</strong></span> <span class='ocrx_word' id='word_1_182' title='bbox 2711 2659 2823 2721; x_wconf 88' lang='lat' dir='ltr'><strong>sit.</strong></span> 
     </span>
     <span class='ocr_line' id='line_1_23' title="bbox 586 2749 2824 2836; baseline 0.001 -22"><span class='ocrx_word' id='word_1_183' title='bbox 586 2749 849 2828; x_wconf 72' lang='lat' dir='ltr'><strong>Quinto,</strong></span> <span class='ocrx_word' id='word_1_184' title='bbox 886 2749 1091 2834; x_wconf 82' lang='lat' dir='ltr'><strong>Quod</strong></span> <span class='ocrx_word' id='word_1_185' title='bbox 1131 2771 1327 2817; x_wconf 88' lang='lat' dir='ltr'><strong>amor</strong></span> <span class='ocrx_word' id='word_1_186' title='bbox 1362 2749 1519 2816; x_wconf 68' lang='lat' dir='ltr'><strong>actu</strong></span> <span class='ocrx_word' id='word_1_187' title='bbox 1562 2752 1653 2816; x_wconf 86' lang='lat' dir='ltr'><strong>sit</strong></span> <span class='ocrx_word' id='word_1_188' title='bbox 1699 2752 1812 2836; x_wconf 89' lang='lat' dir='ltr'><strong>qui</strong></span> <span class='ocrx_word' id='word_1_189' title='bbox 1851 2761 2108 2826; x_wconf 85' lang='lat' dir='ltr'><strong>manet,</strong></span> <span class='ocrx_word' id='word_1_190' title='bbox 2141 2753 2242 2816; x_wconf 88' lang='lat' dir='ltr'><strong>ita</strong></span> <span class='ocrx_word' id='word_1_191' title='bbox 2283 2752 2469 2833; x_wconf 92' lang='lat' dir='ltr'><strong>quod</strong></span> <span class='ocrx_word' id='word_1_192' title='bbox 2509 2752 2653 2816; x_wconf 85' lang='lat' dir='ltr'><strong>vita</strong></span> <span class='ocrx_word' id='word_1_193' title='bbox 2695 2751 2824 2816; x_wconf 85' lang='lat' dir='ltr'><strong>ho·</strong></span> 
     </span>
     <span class='ocr_line' id='line_1_24' title="bbox 586 2863 808 2908; baseline 0 0"><span class='ocrx_word' id='word_1_194' title='bbox 586 2863 808 2908; x_wconf 74' lang='lat' dir='ltr'><strong>minis.</strong></span> 
     </span>
    </p>

    <p class='ocr_par' dir='ltr' id='par_1_4' title="bbox 582 2935 2824 3114">
     <span class='ocr_line' id='line_1_25' title="bbox 712 2935 2824 3024; baseline 0 -22"><span class='ocrx_word' id='word_1_195' title='bbox 712 2952 916 3024; x_wconf 79' lang='lat'><strong>479.</strong></span> <span class='ocrx_word' id='word_1_196' title='bbox 964 2935 1137 3022; x_wconf 90' lang='lat' dir='ltr'><strong>[(i.)]</strong></span> <span class='ocrx_word' id='word_1_197' title='bbox 1188 2936 1383 3016; x_wconf 78' lang='lat' dir='ltr'><strong>Quod</strong></span> <span class='ocrx_word' id='word_1_198' title='bbox 1408 2936 1601 3000; x_wconf 73' lang='lat' dir='ltr'><strong>homo</strong></span> <span class='ocrx_word' id='word_1_199' title='bbox 1625 2947 1788 3019; x_wconf 79' lang='lat' dir='ltr'><strong>post</strong></span> <span class='ocrx_word' id='word_1_200' title='bbox 1821 2947 2098 3002; x_wconf 76' lang='lat' dir='ltr'><strong>mortem</strong></span> <span class='ocrx_word' id='word_1_201' title='bbox 2133 2939 2229 3004; x_wconf 82' lang='lat' dir='ltr'><strong>sit</strong></span> <span class='ocrx_word' id='word_1_202' title='bbox 2261 2957 2424 3003; x_wconf 76' lang='lat' dir='ltr'><strong>suus</strong></span> <span class='ocrx_word' id='word_1_203' title='bbox 2458 2959 2670 3014; x_wconf 79' lang='lat' dir='ltr'><strong>amor,</strong></span> <span class='ocrx_word' id='word_1_204' title='bbox 2709 2959 2824 3004; x_wconf 80' lang='lat' dir='ltr'><strong>seu</strong></span> 
     </span>
     <span class='ocr_line' id='line_1_26' title="bbox 582 3029 2822 3114; baseline 0 -19"><span class='ocrx_word' id='word_1_205' title='bbox 582 3049 709 3095; x_wconf 81' lang='lat' dir='ltr'><strong>sua</strong></span> <span class='ocrx_word' id='word_1_206' title='bbox 736 3030 1067 3106; x_wconf 73' lang='lat' dir='ltr'><strong>voluntaS,</strong></span> <span class='ocrx_word' id='word_1_207' title='bbox 1094 3051 1135 3094; x_wconf 90' lang='lat' dir='ltr'><strong>a</strong></span> <span class='ocrx_word' id='word_1_208' title='bbox 1165 3030 1525 3114; x_wconf 88' lang='lat' dir='ltr'><strong>multiplici</strong></span> <span class='ocrx_word' id='word_1_209' title='bbox 1550 3033 1984 3113; x_wconf 81' lang='lat' dir='ltr'><strong>experientia</strong></span> <span class='ocrx_word' id='word_1_210' title='bbox 2009 3041 2346 3098; x_wconf 87' lang='lat' dir='ltr'><strong>testatum</strong></span> <span class='ocrx_word' id='word_1_211' title='bbox 2373 3033 2534 3096; x_wconf 91' lang='lat' dir='ltr'><strong>mihi</strong></span> <span class='ocrx_word' id='word_1_212' title='bbox 2566 3029 2822 3096; x_wconf 71' lang='lat' dir='ltr'><strong>fac&#39;tum</strong></span> 
     </span>
    </p>
   </div>
   <div class='ocr_carea' id='block_1_3' title="bbox 580 3123 2914 3190">
    <p class='ocr_par' dir='ltr' id='par_1_5' title="bbox 580 3123 2914 3190">
     <span class='ocr_line' id='line_1_27' title="bbox 580 3123 2914 3190; baseline 0.001 -2"><span class='ocrx_word' id='word_1_213' title='bbox 580 3132 711 3188; x_wconf 90' lang='lat' dir='ltr'><strong>est.</strong></span> <span class='ocrx_word' id='word_1_214' title='bbox 799 3123 1215 3188; x_wconf 88' lang='lat' dir='ltr'><strong>Universum</strong></span> <span class='ocrx_word' id='word_1_215' title='bbox 1261 3123 1529 3188; x_wconf 87' lang='lat' dir='ltr'><strong>caelum</strong></span> <span class='ocrx_word' id='word_1_216' title='bbox 1574 3135 1683 3189; x_wconf 88' lang='lat' dir='ltr'><strong>est</strong></span> <span class='ocrx_word' id='word_1_217' title='bbox 1729 3123 2130 3190; x_wconf 67' lang='lat' dir='ltr'><strong>distinctum</strong></span> <span class='ocrx_word' id='word_1_218' title='bbox 2173 3127 2243 3189; x_wconf 86' lang='lat' dir='ltr'><strong>in</strong></span> <span class='ocrx_word' id='word_1_219' title='bbox 2287 3127 2666 3190; x_wconf 87' lang='lat' dir='ltr'><strong>societates</strong></span> <span class='ocrx_word' id='word_1_220' title='bbox 2711 3145 2822 3190; x_wconf 88' lang='lat' dir='ltr'><strong>se·</strong></span> <span class='ocrx_word' id='word_1_221' title='bbox 2908 3141 2914 3149; x_wconf 90' lang='lat'>·</span> 
     </span>
    </p>
   </div>
   <div class='ocr_carea' id='block_1_4' title="bbox 575 3215 2822 4612">
    <p class='ocr_par' dir='ltr' id='par_1_6' title="bbox 575 3215 2822 4612">
     <span class='ocr_line' id='line_1_28' title="bbox 579 3215 2822 3302; baseline 0.001 -21"><span class='ocrx_word' id='word_1_222' title='bbox 579 3216 879 3281; x_wconf 83' lang='lat' dir='ltr'><strong>cundum</strong></span> <span class='ocrx_word' id='word_1_223' title='bbox 916 3215 1333 3282; x_wconf 85' lang='lat' dir='ltr'><strong>differentias</strong></span> <span class='ocrx_word' id='word_1_224' title='bbox 1369 3217 1534 3281; x_wconf 91' lang='lat' dir='ltr'><strong>boni</strong></span> <span class='ocrx_word' id='word_1_225' title='bbox 1568 3219 1864 3297; x_wconf 88' lang='lat' dir='ltr'><strong>amoris;</strong></span> <span class='ocrx_word' id='word_1_226' title='bbox 1911 3227 1986 3284; x_wconf 88' lang='lat' dir='ltr'><strong>et</strong></span> <span class='ocrx_word' id='word_1_227' title='bbox 2023 3221 2482 3302; x_wconf 88' lang='lat' dir='ltr'><strong>unusquisque</strong></span> <span class='ocrx_word' id='word_1_228' title='bbox 2517 3220 2822 3301; x_wconf 89' lang='lat' dir='ltr'><strong>spiritus,</strong></span> 
     </span>
     <span class='ocr_line' id='line_1_29' title="bbox 576 3309 2822 3394; baseline 0.002 -20"><span class='ocrx_word' id='word_1_229' title='bbox 576 3311 689 3392; x_wconf 88' lang='lat' dir='ltr'><strong>qui</strong></span> <span class='ocrx_word' id='word_1_230' title='bbox 720 3310 1035 3374; x_wconf 90' lang='lat' dir='ltr'><strong>evehitur</strong></span> <span class='ocrx_word' id='word_1_231' title='bbox 1066 3311 1135 3374; x_wconf 91' lang='lat' dir='ltr'><strong>in</strong></span> <span class='ocrx_word' id='word_1_232' title='bbox 1176 3309 1441 3375; x_wconf 88' lang='lat' dir='ltr'><strong>caelum</strong></span> <span class='ocrx_word' id='word_1_233' title='bbox 1472 3319 1545 3376; x_wconf 89' lang='lat' dir='ltr'><strong>et</strong></span> <span class='ocrx_word' id='word_1_234' title='bbox 1582 3310 1661 3377; x_wconf 89' lang='lat' dir='ltr'><strong>fit</strong></span> <span class='ocrx_word' id='word_1_235' title='bbox 1699 3311 2008 3394; x_wconf 87' lang='lat' dir='ltr'><strong>angelus,</strong></span> <span class='ocrx_word' id='word_1_236' title='bbox 2041 3311 2254 3377; x_wconf 84' lang='lat' dir='ltr'><strong>fertur</strong></span> <span class='ocrx_word' id='word_1_237' title='bbox 2289 3311 2382 3376; x_wconf 92' lang='lat' dir='ltr'><strong>ad</strong></span> <span class='ocrx_word' id='word_1_238' title='bbox 2416 3313 2822 3378; x_wconf 88' lang='lat' dir='ltr'><strong>societatem</strong></span> 
     </span>
     <span class='ocr_line' id='line_1_30' title="bbox 578 3401 2820 3489; baseline 0.002 -23"><span class='ocrx_word' id='word_1_239' title='bbox 578 3401 691 3466; x_wconf 88' lang='lat' dir='ltr'><strong>ubi</strong></span> <span class='ocrx_word' id='word_1_240' title='bbox 728 3422 921 3467; x_wconf 89' lang='lat' dir='ltr'><strong>amor</strong></span> <span class='ocrx_word' id='word_1_241' title='bbox 959 3402 1101 3485; x_wconf 87' lang='lat' dir='ltr'><strong>ejus</strong></span> <span class='ocrx_word' id='word_1_242' title='bbox 1137 3413 1271 3479; x_wconf 91' lang='lat' dir='ltr'><strong>est,</strong></span> <span class='ocrx_word' id='word_1_243' title='bbox 1310 3415 1384 3470; x_wconf 92' lang='lat' dir='ltr'><strong>et</strong></span> <span class='ocrx_word' id='word_1_244' title='bbox 1420 3423 1575 3468; x_wconf 88' lang='lat' dir='ltr'><strong>cum</strong></span> <span class='ocrx_word' id='word_1_245' title='bbox 1608 3403 1770 3468; x_wconf 90' lang='lat' dir='ltr'><strong>illuc</strong></span> <span class='ocrx_word' id='word_1_246' title='bbox 1801 3407 1992 3469; x_wconf 86' lang='lat' dir='ltr'><strong>venit</strong></span> <span class='ocrx_word' id='word_1_247' title='bbox 2029 3413 2139 3469; x_wconf 90' lang='lat' dir='ltr'><strong>est</strong></span> <span class='ocrx_word' id='word_1_248' title='bbox 2175 3406 2354 3470; x_wconf 88' lang='lat' dir='ltr'><strong>sicut</strong></span> <span class='ocrx_word' id='word_1_249' title='bbox 2389 3407 2570 3489; x_wconf 84' lang='lat' dir='ltr'><strong>apud</strong></span> <span class='ocrx_word' id='word_1_250' title='bbox 2606 3427 2704 3482; x_wconf 89' lang='lat' dir='ltr'><strong>se,</strong></span> <span class='ocrx_word' id='word_1_251' title='bbox 2737 3425 2820 3470; x_wconf 92' lang='lat' dir='ltr'><strong>ac</strong></span> 
     </span>
     <span class='ocr_line' id='line_1_31' title="bbox 576 3495 2820 3581; baseline 0.003 -23"><span class='ocrx_word' id='word_1_252' title='bbox 576 3497 753 3560; x_wconf 85' lang='lat' dir='ltr'><strong>sicut</strong></span> <span class='ocrx_word' id='word_1_253' title='bbox 791 3495 979 3559; x_wconf 87' lang='lat' dir='ltr'><strong>domi</strong></span> <span class='ocrx_word' id='word_1_254' title='bbox 1014 3496 1126 3560; x_wconf 88' lang='lat' dir='ltr'><strong>ubi</strong></span> <span class='ocrx_word' id='word_1_255' title='bbox 1163 3499 1355 3581; x_wconf 85' lang='lat' dir='ltr'><strong>quasi</strong></span> <span class='ocrx_word' id='word_1_256' title='bbox 1394 3507 1641 3577; x_wconf 77' lang='lat' dir='ltr'><strong>natus3</strong></span> <span class='ocrx_word' id='word_1_257' title='bbox 1700 3497 1834 3562; x_wconf 91' lang='lat' dir='ltr'><strong>hoc</strong></span> <span class='ocrx_word' id='word_1_258' title='bbox 1893 3499 2181 3580; x_wconf 89' lang='lat' dir='ltr'><strong>percipit</strong></span> <span class='ocrx_word' id='word_1_259' title='bbox 2228 3499 2541 3581; x_wconf 84' lang='lat' dir='ltr'><strong>angelus,</strong></span> <span class='ocrx_word' id='word_1_260' title='bbox 2581 3519 2662 3564; x_wconf 91' lang='lat' dir='ltr'><strong>ac</strong></span> <span class='ocrx_word' id='word_1_261' title='bbox 2728 3499 2820 3564; x_wconf 90' lang='lat' dir='ltr'><strong>ibi</strong></span> 
     </span>
     <span class='ocr_line' id='line_1_32' title="bbox 577 3589 2816 3667; baseline 0.003 -16"><span class='ocrx_word' id='word_1_262' title='bbox 577 3589 1015 3654; x_wconf 87' lang='lat' dir='ltr'><strong>consociatur</strong></span> <span class='ocrx_word' id='word_1_263' title='bbox 1058 3591 1159 3654; x_wconf 87' lang='lat' dir='ltr'><strong>sui</strong></span> <span class='ocrx_word' id='word_1_264' title='bbox 1212 3591 1567 3656; x_wconf 85' lang='lat' dir='ltr'><strong>similibus.</strong></span> <span class='ocrx_word' id='word_1_265' title='bbox 1658 3589 1830 3656; x_wconf 91' lang='lat' dir='ltr'><strong>Cum</strong></span> <span class='ocrx_word' id='word_1_266' title='bbox 1874 3591 2034 3656; x_wconf 85' lang='lat' dir='ltr'><strong>inde</strong></span> <span class='ocrx_word' id='word_1_267' title='bbox 2079 3591 2246 3667; x_wconf 89' lang='lat' dir='ltr'><strong>abit,</strong></span> <span class='ocrx_word' id='word_1_268' title='bbox 2295 3603 2368 3656; x_wconf 89' lang='lat' dir='ltr'><strong>et</strong></span> <span class='ocrx_word' id='word_1_269' title='bbox 2421 3592 2560 3658; x_wconf 89' lang='lat' dir='ltr'><strong>alio</strong></span> <span class='ocrx_word' id='word_1_270' title='bbox 2604 3594 2816 3667; x_wconf 86' lang='lat' dir='ltr'><strong>venit,</strong></span> 
     </span>
     <span class='ocr_line' id='line_1_33' title="bbox 575 3681 2819 3766; baseline 0.003 -22"><span class='ocrx_word' id='word_1_271' title='bbox 575 3690 685 3745; x_wconf 90' lang='lat' dir='ltr'><strong>est</strong></span> <span class='ocrx_word' id='word_1_272' title='bbox 708 3681 967 3764; x_wconf 83' lang='lat' dir='ltr'><strong>jugiter</strong></span> <span class='ocrx_word' id='word_1_273' title='bbox 995 3682 1242 3766; x_wconf 86' lang='lat' dir='ltr'><strong>aliquis</strong></span> <span class='ocrx_word' id='word_1_274' title='bbox 1272 3686 1556 3761; x_wconf 87' lang='lat' dir='ltr'><strong>renisus,</strong></span> <span class='ocrx_word' id='word_1_275' title='bbox 1592 3695 1665 3750; x_wconf 90' lang='lat' dir='ltr'><strong>et</strong></span> <span class='ocrx_word' id='word_1_276' title='bbox 1698 3696 1804 3748; x_wconf 90' lang='lat' dir='ltr'><strong>est</strong></span> <span class='ocrx_word' id='word_1_277' title='bbox 1837 3683 2108 3750; x_wconf 64' lang='lat' dir='ltr'><strong>affectio</strong></span> <span class='ocrx_word' id='word_1_278' title='bbox 2136 3685 2456 3750; x_wconf 89' lang='lat' dir='ltr'><strong>desiderii</strong></span> <span class='ocrx_word' id='word_1_279' title='bbox 2486 3685 2819 3750; x_wconf 89' lang='lat' dir='ltr'><strong>redeundi</strong></span> 
     </span>
     <span class='ocr_line' id='line_1_34' title="bbox 577 3773 2818 3861; baseline 0.003 -24"><span class='ocrx_word' id='word_1_280' title='bbox 577 3773 667 3837; x_wconf 92' lang='lat' dir='ltr'><strong>ad</strong></span> <span class='ocrx_word' id='word_1_281' title='bbox 700 3775 803 3840; x_wconf 87' lang='lat' dir='ltr'><strong>sui</strong></span> <span class='ocrx_word' id='word_1_282' title='bbox 838 3775 1121 3852; x_wconf 88' lang='lat' dir='ltr'><strong>similes,</strong></span> <span class='ocrx_word' id='word_1_283' title='bbox 1155 3777 1255 3841; x_wconf 88' lang='lat' dir='ltr'><strong>ita</strong></span> <span class='ocrx_word' id='word_1_284' title='bbox 1290 3778 1379 3842; x_wconf 90' lang='lat' dir='ltr'><strong>ad</strong></span> <span class='ocrx_word' id='word_1_285' title='bbox 1418 3796 1612 3842; x_wconf 90' lang='lat' dir='ltr'><strong>suum</strong></span> <span class='ocrx_word' id='word_1_286' title='bbox 1644 3796 1951 3842; x_wconf 89' lang='lat' dir='ltr'><strong>amorem</strong></span> <span class='ocrx_word' id='word_1_287' title='bbox 1985 3788 2416 3861; x_wconf 85' lang='lat' dir='ltr'><strong>regnantem.</strong></span> <span class='ocrx_word' id='word_1_288' title='bbox 2507 3779 2618 3844; x_wconf 85' lang='lat' dir='ltr'><strong>Ita</strong></span> <span class='ocrx_word' id='word_1_289' title='bbox 2647 3779 2818 3844; x_wconf 89' lang='lat' dir='ltr'><strong>fiunt</strong></span> 
     </span>
     <span class='ocr_line' id='line_1_35' title="bbox 580 3869 2818 3956; baseline 0.002 -22"><span class='ocrx_word' id='word_1_290' title='bbox 580 3871 1139 3934; x_wconf 89' lang='lat' dir='ltr'><strong>consociationes</strong></span> <span class='ocrx_word' id='word_1_291' title='bbox 1180 3871 1249 3934; x_wconf 90' lang='lat' dir='ltr'><strong>in</strong></span> <span class='ocrx_word' id='word_1_292' title='bbox 1287 3870 1503 3936; x_wconf 89' lang='lat' dir='ltr'><strong>caelo.</strong></span> <span class='ocrx_word' id='word_1_293' title='bbox 1594 3869 1927 3936; x_wconf 88' lang='lat' dir='ltr'><strong>Similiter</strong></span> <span class='ocrx_word' id='word_1_294' title='bbox 1965 3873 2034 3936; x_wconf 91' lang='lat' dir='ltr'><strong>in</strong></span> <span class='ocrx_word' id='word_1_295' title='bbox 2069 3872 2358 3946; x_wconf 84' lang='lat' dir='ltr'><strong>inferno,</strong></span> <span class='ocrx_word' id='word_1_296' title='bbox 2398 3873 2512 3936; x_wconf 88' lang='lat' dir='ltr'><strong>ubi</strong></span> <span class='ocrx_word' id='word_1_297' title='bbox 2547 3894 2818 3956; x_wconf 87' lang='lat' dir='ltr'><strong>quoque</strong></span> 
     </span>
     <span class='ocr_line' id='line_1_36' title="bbox 579 3963 2816 4032; baseline 0.003 -6"><span class='ocrx_word' id='word_1_298' title='bbox 579 3963 958 4027; x_wconf 88' lang='lat' dir='ltr'><strong>consociati</strong></span> <span class='ocrx_word' id='word_1_299' title='bbox 1002 3971 1165 4027; x_wconf 89' lang='lat' dir='ltr'><strong>sunt</strong></span> <span class='ocrx_word' id='word_1_300' title='bbox 1210 3964 1589 4028; x_wconf 86' lang='lat' dir='ltr'><strong>secundum</strong></span> <span class='ocrx_word' id='word_1_301' title='bbox 1633 3983 1906 4028; x_wconf 90' lang='lat' dir='ltr'><strong>amores</strong></span> <span class='ocrx_word' id='word_1_302' title='bbox 1949 3965 2365 4030; x_wconf 87' lang='lat' dir='ltr'><strong>caelestibus</strong></span> <span class='ocrx_word' id='word_1_303' title='bbox 2411 3968 2816 4032; x_wconf 83' lang='lat' dir='ltr'><strong>contrarios.</strong></span> 
     </span>
     <span class='ocr_line' id='line_1_37' title="bbox 581 4053 2818 4144; baseline 0.003 -26"><span class='ocrx_word' id='word_1_304' title='bbox 581 4053 819 4136; x_wconf 83' lang='lat' dir='ltr'><strong>(Quod</strong></span> <span class='ocrx_word' id='word_1_305' title='bbox 855 4057 1233 4122; x_wconf 88' lang='lat' dir='ltr'><strong>societates</strong></span> <span class='ocrx_word' id='word_1_306' title='bbox 1263 4057 1403 4122; x_wconf 90' lang='lat' dir='ltr'><strong>sint</strong></span> <span class='ocrx_word' id='word_1_307' title='bbox 1440 4077 1613 4140; x_wconf 85' lang='lat' dir='ltr'><strong>quae</strong></span> <span class='ocrx_word' id='word_1_308' title='bbox 1645 4059 2082 4122; x_wconf 85' lang='lat' dir='ltr'><strong>constituunt</strong></span> <span class='ocrx_word' id='word_1_309' title='bbox 2114 4058 2404 4135; x_wconf 90' lang='lat' dir='ltr'><strong>caelum,</strong></span> <span class='ocrx_word' id='word_1_310' title='bbox 2437 4069 2509 4124; x_wconf 89' lang='lat' dir='ltr'><strong>et</strong></span> <span class='ocrx_word' id='word_1_311' title='bbox 2545 4080 2818 4144; x_wconf 89' lang='lat' dir='ltr'><strong>quoque</strong></span> 
     </span>
     <span class='ocr_line' id='line_1_38' title="bbox 580 4149 2815 4233; baseline 0.003 -22"><span class='ocrx_word' id='word_1_312' title='bbox 580 4149 961 4228; x_wconf 78' lang='lat' dir='ltr'><strong>infernum3</strong></span> <span class='ocrx_word' id='word_1_313' title='bbox 1014 4158 1089 4214; x_wconf 90' lang='lat' dir='ltr'><strong>et</strong></span> <span class='ocrx_word' id='word_1_314' title='bbox 1132 4151 1316 4233; x_wconf 90' lang='lat' dir='ltr'><strong>quod</strong></span> <span class='ocrx_word' id='word_1_315' title='bbox 1362 4169 1607 4216; x_wconf 89' lang='lat' dir='ltr'><strong>omnes</strong></span> <span class='ocrx_word' id='word_1_316' title='bbox 1650 4151 1813 4216; x_wconf 90' lang='lat' dir='ltr'><strong>illae</strong></span> <span class='ocrx_word' id='word_1_317' title='bbox 1850 4150 2228 4218; x_wconf 62' lang='lat' dir='ltr'><strong>distinctae</strong></span> <span class='ocrx_word' id='word_1_318' title='bbox 2261 4153 2402 4218; x_wconf 89' lang='lat' dir='ltr'><strong>sint</strong></span> <span class='ocrx_word' id='word_1_319' title='bbox 2439 4155 2815 4218; x_wconf 89' lang='lat' dir='ltr'><strong>secundum</strong></span> 
     </span>
     <span class='ocr_line' id='line_1_39' title="bbox 578 4241 2814 4330; baseline 0.002 -26"><span class='ocrx_word' id='word_1_320' title='bbox 578 4241 1003 4307; x_wconf 82' lang='lat' dir='ltr'><strong>differentias</strong></span> <span class='ocrx_word' id='word_1_321' title='bbox 1026 4244 1299 4320; x_wconf 84' lang='lat' dir='ltr'><strong>amoris,</strong></span> <span class='ocrx_word' id='word_1_322' title='bbox 1320 4244 1637 4309; x_wconf 89' lang='lat' dir='ltr'><strong>videatur</strong></span> <span class='ocrx_word' id='word_1_323' title='bbox 1666 4265 1890 4327; x_wconf 87' lang='lat' dir='ltr'><strong>supra,</strong></span> <span class='ocrx_word' id='word_1_324' title='bbox 1917 4266 1980 4310; x_wconf 89' lang='lat' dir='ltr'><strong>n.</strong></span> <span class='ocrx_word' id='word_1_325' title='bbox 2005 4261 2238 4328; x_wconf 77' lang='lat'><strong>41-50,</strong></span> <span class='ocrx_word' id='word_1_326' title='bbox 2266 4256 2339 4311; x_wconf 90' lang='lat' dir='ltr'><strong>et</strong></span> <span class='ocrx_word' id='word_1_327' title='bbox 2373 4267 2435 4310; x_wconf 91' lang='lat' dir='ltr'><strong>n.</strong></span> <span class='ocrx_word' id='word_1_328' title='bbox 2461 4263 2592 4312; x_wconf 85' lang='lat'><strong>200</strong></span> <span class='ocrx_word' id='word_1_329' title='bbox 2635 4245 2814 4330; x_wconf 88' lang='lat'>212.)</span> 
     </span>
     <span class='ocr_line' id='line_1_40' title="bbox 579 4333 2814 4423; baseline 0.003 -24"><span class='ocrx_word' id='word_1_330' title='bbox 579 4333 785 4416; x_wconf 83' lang='lat' dir='ltr'><strong>Quod</strong></span> <span class='ocrx_word' id='word_1_331' title='bbox 820 4337 1033 4402; x_wconf 91' lang='lat' dir='ltr'><strong>homo</strong></span> <span class='ocrx_word' id='word_1_332' title='bbox 1067 4348 1227 4421; x_wconf 88' lang='lat' dir='ltr'><strong>post</strong></span> <span class='ocrx_word' id='word_1_333' title='bbox 1256 4349 1553 4403; x_wconf 87' lang='lat' dir='ltr'><strong>mortem</strong></span> <span class='ocrx_word' id='word_1_334' title='bbox 1584 4339 1675 4403; x_wconf 87' lang='lat' dir='ltr'><strong>sit</strong></span> <span class='ocrx_word' id='word_1_335' title='bbox 1713 4359 1874 4402; x_wconf 89' lang='lat' dir='ltr'><strong>suus</strong></span> <span class='ocrx_word' id='word_1_336' title='bbox 1905 4359 2118 4416; x_wconf 83' lang='lat' dir='ltr'><strong>amor,</strong></span> <span class='ocrx_word' id='word_1_337' title='bbox 2146 4341 2308 4404; x_wconf 86' lang='lat' dir='ltr'><strong>inde</strong></span> <span class='ocrx_word' id='word_1_338' title='bbox 2338 4361 2611 4423; x_wconf 84' lang='lat' dir='ltr'><strong>quoque</strong></span> <span class='ocrx_word' id='word_1_339' title='bbox 2645 4359 2814 4405; x_wconf 84' lang='lat' dir='ltr'><strong>con-</strong></span> 
     </span>
     <span class='ocr_line' id='line_1_41' title="bbox 577 4431 2814 4518; baseline 0.004 -27"><span class='ocrx_word' id='word_1_340' title='bbox 577 4437 762 4493; x_wconf 88' lang='lat' dir='ltr'><strong>stare</strong></span> <span class='ocrx_word' id='word_1_341' title='bbox 806 4431 1057 4512; x_wconf 81' lang='lat' dir='ltr'><strong>potuit‚</strong></span> <span class='ocrx_word' id='word_1_342' title='bbox 1106 4432 1287 4515; x_wconf 90' lang='lat' dir='ltr'><strong>quod</strong></span> <span class='ocrx_word' id='word_1_343' title='bbox 1333 4440 1501 4496; x_wconf 90' lang='lat' dir='ltr'><strong>tunc</strong></span> <span class='ocrx_word' id='word_1_344' title='bbox 1545 4442 2034 4497; x_wconf 86' lang='lat' dir='ltr'><strong>removeantur</strong></span> <span class='ocrx_word' id='word_1_345' title='bbox 2077 4443 2150 4498; x_wconf 91' lang='lat' dir='ltr'><strong>et</strong></span> <span class='ocrx_word' id='word_1_346' title='bbox 2195 4437 2388 4518; x_wconf 83' lang='lat' dir='ltr'><strong>quasi</strong></span> <span class='ocrx_word' id='word_1_347' title='bbox 2425 4437 2814 4500; x_wconf 87' lang='lat' dir='ltr'><strong>auferantur</strong></span> 
     </span>
     <span class='ocr_line' id='line_1_42' title="bbox 575 4521 2813 4612; baseline 0.004 -26"><span class='ocrx_word' id='word_1_348' title='bbox 575 4523 635 4586; x_wconf 87' lang='lat' dir='ltr'><strong>ei</strong></span> <span class='ocrx_word' id='word_1_349' title='bbox 672 4521 815 4601; x_wconf 87' lang='lat' dir='ltr'><strong>illa,</strong></span> <span class='ocrx_word' id='word_1_350' title='bbox 848 4543 1023 4608; x_wconf 89' lang='lat' dir='ltr'><strong>quae</strong></span> <span class='ocrx_word' id='word_1_351' title='bbox 1068 4545 1209 4590; x_wconf 88' lang='lat' dir='ltr'><strong>non</strong></span> <span class='ocrx_word' id='word_1_352' title='bbox 1255 4545 1463 4590; x_wconf 88' lang='lat' dir='ltr'><strong>unum</strong></span> <span class='ocrx_word' id='word_1_353' title='bbox 1496 4525 1760 4593; x_wconf 73' lang='lat' dir='ltr'><strong>faciunt</strong></span> <span class='ocrx_word' id='word_1_354' title='bbox 1795 4545 1950 4592; x_wconf 88' lang='lat' dir='ltr'><strong>cum</strong></span> <span class='ocrx_word' id='word_1_355' title='bbox 1987 4546 2222 4595; x_wconf 84' lang='lat' dir='ltr'><strong>amore</strong></span> <span class='ocrx_word' id='word_1_356' title='bbox 2253 4528 2398 4612; x_wconf 85' lang='lat' dir='ltr'><strong>ejus</strong></span> <span class='ocrx_word' id='word_1_357' title='bbox 2432 4540 2813 4612; x_wconf 86' lang='lat' dir='ltr'><strong>regnante;</strong></span> 
     </span>
    </p>
   </div>
  </div>
 </body>
</html>
