3371 5304
626 635 756 700 QUI
783 635 865 686 IN
891 635 1250 688 INFERNIS
1269 635 1485 700 SUNT,
1509 637 1592 688 IN
1611 637 1849 690 MALIS
1872 637 1970 690 ET
1993 638 2185 690 INDE
2204 639 2461 690 FALSIS
2481 639 2622 692 SUN
2629 642 2695 693 T.
2739 642 2861 712 359

625 806 944 872 societati
986 806 1376 888 humanae;
1437 817 1512 872 ut
1563 817 1636 872 et
1681 807 1819 872 illis
1862 807 2263 874 benefacere
2308 809 2531 874 solum
2579 820 2861 894 propter

623 902 726 966 sui
772 901 1044 978 famam,
1083 903 1416 968 honorem
1453 912 1525 967 et
1571 901 1909 984 gloriam3
1957 923 2131 986 quae
2178 905 2306 967 nisi
2342 905 2575 970 videat
2619 907 2689 970 in
2727 908 2861 970 usi-

624 998 751 1062 bus
786 1017 958 1080 quos
995 996 1130 1061 illis
1167 1008 1501 1080 praestat,
1538 999 1705 1064 dicit
1742 1000 1950 1064 corde
1988 1019 2134 1072 suo,
2172 1003 2213 1031 ⁴⁴
2236 997 2418 1080 Quid
2449 999 2703 1066 refert?
2748 1021 2863 1066 cur

623 1091 807 1156 hoc?
873 1101 947 1156 et
1004 1093 1164 1176 quid
1223 1093 1380 1156 inde
1429 1092 1671 1157 mihi?”
1732 1103 1806 1157 et
1864 1095 1960 1156 sic
2019 1094 2300 1158 omittit.
2389 1093 2595 1159 Unde
2640 1105 2861 1177 patet,

625 1187 809 1268 quod
859 1187 972 1271 qui
1018 1189 1086 1252 in
1132 1207 1364 1252 amore
1410 1189 1511 1250 sui
1556 1196 1689 1264 est,
1729 1208 1868 1252 non
1912 1198 2104 1253 amet
2150 1189 2539 1267 ecclesiam,
2577 1210 2702 1254 nec
2742 1211 2862 1274 pa-

625 1279 851 1357 triam,
899 1301 1026 1346 nec
1073 1283 1504 1358 societatem,
1554 1303 1680 1346 nec
1736 1283 2033 1366 aliquem
2079 1303 2299 1362 usum,
2332 1285 2455 1348 sed
2500 1305 2573 1348 se
2619 1285 2861 1348 solum.

621 1377 1006 1460 jucundum
1053 1377 1196 1461 ejus
1241 1389 1350 1443 est
1398 1379 1606 1444 modo
1642 1378 2018 1462 jucundum
2062 1382 2317 1444 amoris
2362 1381 2509 1457 sui;
2577 1392 2650 1447 et
2709 1383 2863 1465 quia

619 1471 1012 1554 jucundum,
1051 1475 1236 1558 quod
1281 1475 1598 1556 provenit
1655 1496 1751 1538 ex
1794 1493 2049 1551 amore,
2089 1475 2251 1540 facit
2296 1477 2507 1538 vitam
2545 1476 2859 1550 hominiS,

625 1567 783 1633 ideo
827 1567 968 1650 ejus
1012 1569 1160 1632 vita
1205 1581 1312 1633 est
1360 1570 1506 1632 vita
1548 1568 1649 1633 sui
1673 1590 1691 1648 ;
1758 1589 1839 1632 ac
1886 1569 2032 1634 vita
2078 1571 2181 1634 sui
2225 1580 2333 1634 est
2377 1571 2523 1634 vita
2567 1592 2658 1634 ex
2706 1591 2862 1653 pro-

625 1663 774 1746 prio
817 1661 1136 1738 hominis,
1185 1673 1258 1728 et
1311 1665 1656 1747 proprium
1702 1663 1997 1727 hominis
2048 1663 2118 1728 in
2166 1685 2241 1728 se
2292 1663 2681 1746 speetatum
2728 1686 2863 1728 non

625 1766 734 1822 est
780 1758 907 1822 nisi
943 1777 1148 1841 quam
1188 1757 1464 1823 malum.
1555 1756 1690 1839 Qui
1736 1768 1926 1822 amat
1970 1778 2066 1831 se,
2109 1758 2165 1820 is
2210 1760 2421 1823 etiam
2458 1769 2643 1824 amat
2680 1781 2861 1834 suoS,

625 1853 739 1934 qui
797 1861 959 1916 sunt
1017 1853 1084 1916 in
1143 1855 1372 1934 specie
1431 1852 1625 1916 liberi
1684 1861 1756 1916 et
1824 1863 2116 1934 nepotes
2162 1851 2324 1936 ejus,
2365 1862 2437 1919 et
2496 1855 2565 1918 in
2610 1873 2863 1936 genere

627 1965 866 2014 omnes
906 1948 1015 2031 qui
1063 1967 1267 2011 unum
1315 1967 1469 2011 cum
1516 1947 1638 2011 ino
1681 1946 1961 2022 faciunt,
2002 1967 2174 2030 quos
2218 1967 2379 2012 suos
2422 1959 2667 2013 vocat:
2735 1947 2865 2012 hos

626 2049 698 2106 et
755 2041 912 2106 illos
958 2062 1188 2106 amare
1241 2053 1350 2106 est
1407 2062 1673 2125 quoque
1732 2063 1807 2104 se
1866 2061 2120 2119 amare,
2162 2062 2321 2106 nam
2381 2043 2537 2107 illos
2596 2041 2865 2127 spectat

627 2137 821 2218 quasi
864 2135 933 2200 in
979 2157 1075 2211 se,
1123 2145 1196 2202 et
1259 2157 1332 2202 se
1391 2137 1460 2200 in
1508 2135 1660 2199 illis.
1752 2133 1946 2200 Inter
1990 2135 2167 2212 illos„
2214 2156 2386 2219 quos
2431 2147 2861 2212 suosvocat,

627 2241 788 2296 sunt
835 2251 1102 2314 quoque
1155 2249 1396 2296 omnes
1449 2230 1562 2312 qui
1619 2250 1776 2294 eum
1836 2229 2143 2306 laudant,
2194 2229 2561 2308 honorant,
2609 2242 2682 2296 et
2745 2252 2863 2295 co-

627 2325 801 2390 lunt.

751 2435 947 2505 557·
1005 2419 1120 2484 Ex
1167 2419 1684 2502 comparatione
1731 2438 1887 2483 cum
1934 2439 2165 2484 amore
2212 2419 2497 2484 caelesti
2542 2425 2863 2486 constare

627 2525 862 2598 potest
908 2515 1128 2599 qualis
1186 2525 1296 2580 est
1356 2534 1550 2580 amor
1593 2515 1715 2578 sui.
1806 2513 2028 2578 Amor
2086 2514 2407 2579 caelestis
2464 2525 2573 2580 est
2634 2535 2863 2580 amare

627 2629 784 2675 usus
817 2619 1098 2693 propter
1121 2629 1299 2686 usne,
1326 2630 1445 2676 seu
1477 2609 1658 2675 bona
1691 2618 1972 2692 propter
1998 2609 2199 2686 bona,
2223 2630 2394 2693 quae
2426 2609 2635 2674 homo
2667 2631 2860 2693 prae·

627 2715 769 2771 stat
809 2705 1168 2781 ecclesiae,
1209 2706 1492 2789 patriae,
1531 2706 1855 2769 societati
1892 2704 2227 2769 humanae
2264 2716 2336 2771 et
2375 2706 2685 2785 concivi;
2732 2706 2863 2769 hoc

627 2800 810 2865 enim
855 2809 963 2864 est
1011 2820 1241 2864 amare
1288 2800 1510 2865 Deum
1558 2810 1631 2863 et
1691 2819 1921 2863 amare
1968 2800 2377 2881 proximum,
2424 2800 2580 2883 quia
2624 2818 2863 2864 omnes

629 2915 788 2958 usus
827 2906 897 2959 et
937 2896 1168 2959 omnia
1201 2896 1384 2959 bona
1419 2904 1580 2959 sunt
1617 2914 1658 2959 a
1691 2894 1865 2969 De0,
1901 2903 1973 2959 et
2008 2914 2277 2978 quoque
2314 2905 2475 2958 sunt
2510 2895 2864 2977 proximus

626 2990 742 3074 qui
779 2990 1134 3053 amandus„
1223 2989 1327 3054 At
1372 2990 1487 3073 qui
1531 2998 1722 3053 amat
1770 2989 1889 3053 ina
1934 3000 2219 3072 propter
2263 3009 2359 3065 se,
2399 2990 2454 3053 is
2500 3008 2637 3054 non
2676 2999 2863 3053 amat

626 3082 748 3149 illa
789 3084 992 3151 aliter
1033 3104 1239 3167 quam
1275 3084 1632 3159 famulitia,
1670 3085 1833 3167 quia
1869 3084 2173 3149 serviunt
2211 3084 2383 3147 sibi:
2436 3084 2595 3147 inde
2642 3085 2863 3168 sequi-

628 3189 760 3253 tur,
799 3178 984 3263 quod
1029 3178 1139 3261 qui
1184 3178 1254 3241 in
1299 3196 1530 3242 amore
1577 3178 1678 3241 sui
1724 3186 1855 3251 est,
1902 3176 2076 3241 velit
2122 3188 2198 3240 ut
2264 3176 2579 3252 ecclesia,
2620 3178 2861 3259 patria,

627 3273 1008 3337 societates
1054 3272 1418 3347 humanae,
1467 3282 1541 3337 et
1586 3272 1907 3336 concives
1954 3272 2256 3335 serviant
2302 3272 2453 3348 sibi,
2500 3282 2571 3335 et
2619 3291 2755 3334 non
2810 3273 2863 3335 is

628 3366 804 3445 illisu
869 3370 1067 3451 ponit
1126 3388 1200 3433 se
1260 3387 1466 3449 supra
1517 3366 1698 3443 illos,
1746 3376 1819 3431 et
1878 3367 2035 3431 illos
2094 3366 2265 3430 infra
2316 3387 2411 3431 se.
2504 3366 2674 3431 Inde
2732 3375 2861 3440 est,

628 3463 811 3545 quod
848 3474 1182 3546 quantum
1220 3462 1464 3546 aliquis
1509 3462 1578 3525 in
1615 3481 1849 3525 amore
1892 3462 1993 3524 sui
2031 3470 2158 3538 est,
2199 3472 2471 3525 tantum
2511 3470 2865 3524 removeat

629 3576 703 3620 se
735 3578 776 3621 a
813 3557 1030 3633 caelo,
1068 3558 1226 3641 quia
1262 3556 1352 3620 ab
1387 3575 1620 3620 amore
1658 3556 1966 3619 caelesti.

753 3652 1165 3739 &Uni-⁸01·
1212 3650 1444 3725 Porro,
1491 3661 1820 3735 quantum
1860 3650 2102 3733 aliquis
2160 3648 2227 3713 in
2286 3669 2519 3713 amore
2578 3648 2865 3713 caelesti

625 3756 760 3820 est,
807 3748 920 3830 qui
965 3757 1072 3810 est
1117 3766 1350 3811 amare
1395 3766 1554 3808 usus
1598 3756 1672 3809 et
1718 3744 1922 3819 bona,
1962 3754 2035 3809 et
2081 3742 2256 3809 affici
2292 3744 2593 3827 jucundo
2637 3745 2863 3808 cordis

627 3862 782 3908 cum
828 3841 946 3906 illa
991 3852 1298 3925 praestat
1350 3852 1632 3925 propter
1675 3839 2063 3915 ecclesiam,
2099 3841 2414 3922 patriam,
2453 3838 2863 3903 societatem

627 3937 998 4002 humanam
1045 3949 1118 4002 et
1167 3940 1548 4011 concivem,
1597 3945 1872 4000 tantum
1918 3935 2206 3999 ducatur
2250 3954 2291 3999 a
2335 3934 2658 4008 Domino,
2707 3935 2866 4018 quia

625 4032 744 4096 ille
775 4052 970 4097 amor
1001 4044 1110 4098 est
1145 4034 1214 4098 in
1246 4054 1380 4118 quo
1414 4031 1594 4113 Ipse,
1627 4038 1700 4095 et
1736 4030 1850 4113 qui
1890 4030 1977 4093 ab
2016 4028 2215 4115 Ipso:
2264 4038 2339 4093 at
2374 4036 2708 4113 quantum
2740 4027 2864 4091 ali-

627 4128 776 4213 quis
811 4130 878 4192 in
916 4148 1148 4193 amore
1181 4130 1283 4193 sui
1321 4142 1454 4203 est,
1486 4126 1600 4210 qui
1636 4144 1829 4188 amor
1861 4133 1969 4188 est
2004 4143 2163 4187 usus
2200 4133 2272 4188 et
2307 4123 2491 4187 bona
2520 4130 2866 4205 praestare

627 4233 913 4307 propter
947 4244 1044 4299 se,
1083 4233 1358 4288 tantum
1395 4222 1667 4287 ducitur
1713 4239 1755 4283 a
1800 4228 2067 4298 semet;
2131 4228 2204 4283 et
2248 4227 2580 4303 quantum
2624 4216 2867 4301 aliquis

627 4320 900 4385 ducitur
957 4340 998 4383 a
1057 4328 1300 4397 semet,
1349 4328 1622 4383 tantum
1677 4334 1817 4380 non
1872 4314 2148 4379 ducitur
2203 4334 2245 4378 a
2304 4312 2639 4379 Dominot
2710 4312 2867 4377 inde

627 4434 899 4499 quoque
938 4416 1264 4501 sequitur,
1305 4414 1490 4500 quod
1529 4421 1864 4495 quantum
1909 4410 2059 4494 quis
2106 4430 2180 4474 se
2224 4418 2437 4485 amat,
2476 4417 2748 4473 tanturn
2794 4428 2869 4473 se

629 4518 986 4575 removeat
1031 4530 1072 4573 a
1116 4508 1392 4585 Divino,
1439 4511 1538 4575 ita
1585 4523 1854 4591 quoquc
1914 4524 1958 4568 a
2016 4503 2231 4569 caelo.
2320 4502 2495 4567 Duci
2538 4523 2581 4567 a
2624 4511 2867 4575 semet,

630 4615 737 4670 est
775 4625 816 4670 a
852 4606 1126 4688 proprio
1156 4625 1280 4669 suo
1307 4624 1325 4685 3
1371 4624 1451 4671 ac
1491 4600 1838 4685 proprium
1869 4598 2163 4665 hominis
2196 4618 2331 4664 non
2364 4606 2470 4663 est
2509 4596 2636 4662 nisi
2668 4616 2871 4681 quam
