3371 5304
1307 642 1408 692 DE
1457 642 1726 694 FORMA
1773 645 2025 696 CAELI.
2672 650 2781 698 121

537 811 606 874 in
667 810 1038 877 inferiores·
1130 812 1436 878 Excedit
1481 814 1691 879 etiam
1747 815 2089 896 sapientia
2134 816 2539 898 angelorum
2584 839 2785 901 supe·

536 907 728 970 rioris
775 907 948 972 caeli
993 910 1406 990 sapientiam
1453 911 1858 992 angelorum
1907 909 2259 986 inferioris,
2310 913 2487 976 sicut
2535 916 2788 994 myrias

537 1020 744 1065 unum
767 1023 783 1078 ;
815 1023 989 1086 quae
1009 1006 1222 1068 etiam
1245 1014 1350 1068 est
1375 1023 1604 1080 causa,
1627 1006 1814 1089 quod
1840 1007 2069 1087 angeli
2096 1007 2431 1070 inferioris
2454 1007 2627 1071 caeli
2648 1029 2785 1072 non

537 1099 804 1178 possint
843 1098 1030 1182 loqui
1075 1117 1228 1163 cum
1266 1100 1532 1181 angelis
1569 1101 1937 1182 superioris
1959 1121 1975 1178 ;
2024 1103 2235 1164 immo
2273 1121 2439 1164 cum·
2467 1101 2787 1185 spectant

535 1192 718 1266 illuc,
755 1213 892 1256 non
929 1194 1169 1258 vident
1207 1193 1408 1272 illos;
1457 1205 1746 1276 apparet
1785 1195 2054 1260 caelum
2087 1195 2357 1259 illorum
2398 1198 2573 1260 sicut
2612 1199 2785 1261 nim-

536 1288 777 1351 bosum
810 1290 969 1370 quid
1003 1309 1207 1371 supra
1230 1299 1440 1371 caput
1467 1309 1482 1352 ε
1532 1298 1604 1354 at
1636 1289 1869 1372 angeli
1894 1292 2260 1374 superioris
2290 1290 2465 1354 caeli
2496 1303 2786 1373 possunt

535 1384 768 1448 videre
797 1385 954 1448 illos
981 1387 1096 1467 qui
1127 1386 1194 1449 in
1225 1384 1522 1449 inferiori
1555 1385 1752 1449 caelo
1782 1395 1965 1462 sunt,
2000 1386 2121 1449 sed
2157 1405 2293 1450 non
2327 1386 2490 1450 licet
2522 1388 2787 1451 sociare

529 1498 918 1544 sermonem
962 1498 1116 1543 cum
1161 1478 1316 1557 illis,
1367 1481 1492 1543 nisi
1538 1499 1695 1544 cum
1733 1477 1999 1562 jactura
2042 1481 2426 1562 sapientiae
2472 1502 2659 1559 suae,
2708 1489 2784 1548 ut

534 1593 738 1656 supra
768 1571 1026 1638 dictum
1063 1584 1194 1638 est.

660 1682 854 1734 κιο.
913 1668 1398 1750 Cogitationes
1435 1679 1506 1734 et
1543 1667 1959 1746 affectiones,
1993 1679 2139 1734 tum
2178 1691 2531 1736 sermones
2567 1691 2783 1753 ange-

535 1762 754 1828 lorum
791 1764 1012 1827 intimi
1051 1765 1246 1839 caeli,
1288 1783 1622 1846 nusquam
1661 1765 2134 1847 percipiuntur
2178 1768 2247 1828 in
2298 1767 2525 1829 medio
2562 1765 2780 1842 caele,

535 1858 694 1940 quia
730 1868 1002 1922 tantum
1041 1859 1587 1938 transcendunt3
1633 1861 1779 1935 sed,
1820 1879 1973 1923 cum
2013 1859 2315 1924 Domino
2351 1860 2782 1942 beneplacet,

530 1963 819 2034 apparet
857 1954 1017 2018 inde
1056 1956 1230 2018 sicut
1263 1954 1652 2018 flammeum
1684 1954 1847 2037 quid
1886 1956 1953 2018 in
1990 1955 2414 2021 inferioribus
2446 1956 2675 2033 caelis,
2708 1967 2783 2022 et

529 2069 703 2131 quae
748 2049 818 2112 in
863 2050 1092 2114 medio
1127 2049 1326 2113 caelo
1370 2059 1448 2113 ut
1494 2049 1795 2114 lucidum
1836 2050 1999 2132 quid
2047 2051 2116 2114 in
2165 2051 2413 2115 ultimo
2449 2051 2667 2126 caelo,
2707 2062 2781 2117 et

531 2143 938 2228 quandoque
977 2153 1052 2208 ut
1091 2145 1304 2208 nubes
1337 2141 1632 2208 candida
1667 2154 1740 2209 et
1778 2144 2258 2224 diversicolor3
2306 2167 2397 2210 ex
2428 2147 2609 2210 nube
2638 2146 2778 2223 illa,

527 2238 670 2322 ejus
699 2259 1011 2315 ascensu,
1045 2240 1404 2316 descensu,
1441 2249 1513 2304 et
1549 2239 1789 2316 forma,
1825 2241 2133 2304 noscitur
2162 2261 2432 2327 quoque
2468 2242 2779 2325 aliquan-

529 2335 745 2417 tisper
779 2336 940 2418 quid
977 2335 1072 2398 ibi
1111 2335 1500 2418 loquuntur.

650 2445 829 2496 211·
889 2431 1004 2496 Ex
1051 2432 1156 2497 his
1203 2441 1525 2496 constare
1574 2441 1835 2514 potest,
1884 2431 2103 2514 qualis
2146 2431 2365 2496 forma
2408 2432 2581 2496 caeli
2626 2443 2775 2511 est3

527 2528 708 2609 quod
747 2545 992 2609 nempe
1037 2528 1107 2590 in
1143 2529 1388 2590 intimo
1425 2527 1622 2590 caelo
1667 2527 1972 2591 omnium
2019 2525 2517 2609 perfectissima
2553 2527 2665 2603 sit,
2705 2529 2774 2591 in

527 2623 757 2688 medio
805 2621 999 2688 caelo
1052 2623 1262 2688 etiam
1313 2619 1614 2705 perfecta
1661 2623 1784 2687 sed
1833 2623 1901 2687 in
1955 2621 2250 2688 inferiori
2295 2623 2535 2706 gradu,
2582 2633 2657 2689 et
2702 2625 2773 2687 in

523 2718 769 2783 ultimo
811 2720 878 2785 in
925 2718 1148 2783 adhuc
1193 2718 1532 2797 inferiori3
1599 2728 1672 2782 et
1726 2718 1906 2800 quod
1956 2719 2149 2782 unius
2192 2717 2365 2781 caeli
2410 2718 2629 2782 forma
2684 2720 2775 2785 ab

523 2814 745 2879 altera
777 2834 896 2895 per
933 2812 1264 2877 influxum
1300 2832 1342 2876 a
1379 2812 1681 2877 Domino
1712 2812 2068 2876 subsistat.
2158 2810 2294 2877 Sed
2327 2813 2545 2895 qualis
2581 2832 2773 2877 com-

525 2909 892 2975 municatio
927 2928 1046 2990 per
1081 2908 1412 2973 influxum
1451 2918 1580 2983 est,
1621 2928 1763 2972 non
1801 2909 2293 2991 comprehendi
2333 2918 2595 2989 potest,
2639 2910 2771 2973 nisi

523 3006 777 3069 sciatur
813 3001 1052 3087 quales
1083 3014 1244 3067 sunt
1281 3004 1536 3085 gradus
1568 3004 1971 3079 altitudinis,
2000 3012 2071 3067 et
2110 3023 2282 3086 quae
2312 3002 2581 3067 illorum
2612 3023 2772 3085 gra-

523 3101 730 3165 duum
763 3098 1144 3163 differentia
1177 3108 1285 3163 est
1317 3118 1358 3161 a
1389 3098 1718 3181 gradibus
1750 3098 2203 3180 longitudinis
2234 3108 2307 3163 et
2346 3098 2769 3177 latitudinis;

523 3195 762 3278 qua-les
799 3194 895 3259 illi
933 3204 1006 3259 et
1044 3194 1111 3257 hi
1149 3195 1402 3276 gradus
1439 3202 1622 3268 sunt,
1663 3194 1979 3257 videatur
2017 3212 2081 3256 n.
2124 3194 2223 3274 38.

650 3302 828 3357 212.
874 3286 1078 3371 Quod
1124 3288 1411 3351 sormam
1457 3286 1627 3351 caeli
1674 3288 1743 3349 in
1790 3287 2016 3369 specie
2065 3286 2441 3363 concernit,
2482 3296 2553 3351 et
2599 3308 2769 3371 quo-

528 3385 735 3448 modo
772 3384 965 3448 vadit
1003 3393 1075 3448 et
1121 3382 1288 3458 fluit,
1328 3383 1460 3446 hoc
1501 3381 2196 3465 incomprehensibile
2233 3392 2343 3445 est
2388 3382 2598 3445 etiam
2644 3401 2766 3447 an-

524 3478 718 3561 gelis.
809 3478 1097 3563 Aliquid
1157 3477 1300 3559 ejus
1359 3478 1449 3541 ad
1509 3477 1737 3542 ideam
1798 3477 1946 3541 sisti
2007 3485 2244 3559 potest
2303 3496 2425 3558 per
2480 3476 2767 3541 sormam

523 3575 825 3638 omnium
863 3575 932 3637 in
964 3592 1251 3655 corpore
1283 3574 1584 3637 humano
1615 3593 1657 3636 a
1689 3572 1923 3654 sagaci
1953 3581 2025 3636 et
2064 3572 2375 3654 sapiente
2402 3571 2767 3636 lustratam

522 3679 594 3734 et
618 3671 958 3743 rimatam,
989 3687 1147 3732 nam
1180 3686 1383 3749 supra
1419 3668 1486 3731 in
1519 3668 1656 3730 suis
1681 3664 1987 3731 articulis
2011 3677 2366 3730 ostensum
2400 3675 2531 3743 est,
2561 3664 2765 3747 Quod

521 3774 746 3829 totum
780 3763 1061 3829 Caelum
1093 3764 1343 3827 referat
1375 3780 1582 3825 unum
1616 3761 1991 3825 Hominem
2028 3760 2372 3845 (videatur
2402 3780 2466 3824 n.
2504 3760 2763 3843 59—72),

520 3870 590 3925 et
631 3858 836 3943 Quod
869 3860 1102 3923 omnia
1133 3878 1306 3941 quae
1344 3859 1408 3921 in
1451 3856 1754 3921 Homine
1786 3856 2372 3938 correspondeant
2407 3852 2633 3921 Caelis
2669 3853 2763 3936 (n.

519 3955 828 4039 87-102).
918 3952 1146 4037 Quam
1190 3952 1905 4034 incomprehensibilis
1958 3962 2030 4017 et
2090 3949 2593 4015 inextricabilis
2646 3949 2767 4013 illa

519 4052 740 4115 forma
783 4052 896 4126 sit,
943 4058 1144 4131 patet
1187 4048 1413 4112 solum
1467 4049 1535 4112 in
1583 4049 1933 4112 communi
1984 4068 2027 4111 a
2076 4046 2260 4110 fibris
2307 4045 2596 4119 nerveis,
2644 4064 2767 4127 per

519 4165 687 4229 quas
717 4145 948 4209 omnia
983 4153 1058 4209 et
1093 4142 1366 4227 singula
1401 4144 1996 4226 compaginantur.
2089 4138 2349 4223 Quales
2381 4140 2541 4204 illae
2578 4149 2763 4216 sunt,

520 4251 593 4306 et
627 4240 976 4325 quomodo
1011 4239 1273 4303 vadunt
1319 4248 1392 4303 et
1451 4237 1665 4303 fluunt
1722 4239 1792 4301 in
1851 4236 2155 4312 cerebr0,
2196 4254 2283 4299 ne
2336 4235 2615 4319 quidem
2673 4235 2763 4298 ad

517 4335 792 4403 oculum
828 4334 1165 4419 pervenit,
1207 4354 1366 4399 nam
1412 4332 1944 4397 innumerabiles
1990 4332 2081 4395 ibi
2126 4341 2287 4395 sunt
2332 4330 2433 4393 ita
2476 4330 2763 4411 compli-

519 4442 739 4509 catae,
775 4440 850 4496 ut
884 4429 1083 4494 simul
1115 4440 1433 4510 sumptae
1465 4437 1845 4511 appareant
1883 4429 2059 4491 sicut
2091 4446 2316 4490 massa
2340 4424 2565 4490 mollis
2596 4443 2763 4487 con-

521 4531 733 4603 tinua,
781 4548 936 4591 cum
984 4537 1222 4590 tamen
1269 4526 1499 4589 omnia
1551 4534 1624 4587 et
1688 4524 1981 4606 singula,
2030 4543 2203 4606 quae
2248 4521 2629 4586 voluntatis
2686 4529 2763 4585 et

517 4620 910 4689 intellectus
969 4631 1150 4698 sunt,
1200 4620 1575 4685 secundum
1637 4618 1793 4682 illas
1850 4619 2064 4683 fluunt
2122 4616 2632 4682 distinctissime
2690 4617 2759 4680 in
