3371 5304
1262 655 1366 708 DE
1411 655 1773 706 TEMPORE
1820 655 1901 706 IN
1949 655 2221 708 CAELO.
2780 661 2868 727 99

615 831 909 906 quatuor
939 823 1287 888 aetatibus
1313 823 1633 900 hominia,
1667 845 1845 907 quae
1874 835 2215 890 vocantur
2244 823 2555 902 infantia,
2582 825 2859 900 adoles-

614 919 870 994 centia,
918 917 1232 994 virilitas‚
1279 927 1351 981 et
1407 916 1768 999 sene&us;
1836 929 1909 984 et
1968 939 2123 985 cum
2169 919 2466 1004 reliquis,
2514 940 2690 1004 quae
2749 920 2861 986 vel

612 1014 931 1079 existunt
988 1033 1030 1077 a
1089 1023 1428 1094 tempore,
1489 1014 1602 1078 vel
1659 1015 2042 1078 succedunt
2100 1015 2478 1079 secundum
2539 1025 2855 1098 tempus:

613 1108 826 1173 homo
870 1129 960 1172 ex
1007 1119 1346 1190 tempore,
1385 1128 1540 1172 cum
1587 1109 1674 1173 de
1720 1108 1877 1185 illis,
1918 1109 2230 1192 cogitat3
2284 1109 2576 1192 angelus
2620 1120 2858 1174 autem

610 1223 704 1268 ex
749 1213 980 1282 statu;
1048 1213 1466 1286 quapropter
1510 1203 1695 1286 quod
1753 1225 1845 1267 ex
1901 1214 2216 1287 tempore
2262 1203 2395 1268 illis
2448 1205 2629 1269 inest
2676 1207 2857 1288 apud

609 1297 980 1375 hominem,
1022 1300 1312 1364 vertitur
1355 1299 1425 1362 in
1461 1299 1691 1364 ideam
1730 1309 1957 1363 status
1992 1299 2175 1383 apud
2212 1299 2581 1382 angelum;
2628 1320 2749 1365 ver
2784 1311 2858 1366 et

613 1412 814 1460 mane
859 1405 1223 1459 vertuntur
1287 1395 1356 1458 in
1413 1394 1638 1458 ideam
1703 1403 1933 1458 status
1992 1396 2245 1460 amoris
2306 1404 2380 1460 et
2448 1396 2853 1477 sapientiae,

605 1489 846 1572 quales
882 1499 1044 1554 sunt
1082 1491 1150 1552 in
1189 1491 1409 1572 primo
1443 1499 1638 1553 statu
1667 1490 1850 1572 apud
1885 1489 2220 1572 angelos;
2266 1499 2501 1554 aestas
2536 1498 2610 1554 et
2650 1491 2855 1555 meri-

601 1584 749 1647 dies
774 1594 1131 1648 vertuntur
1161 1585 1230 1648 in
1262 1585 1488 1648 ideam
1521 1585 1775 1648 amoris
1806 1595 1879 1648 et
1919 1585 2296 1667 sapientiae
2326 1583 2567 1668 quales
2586 1595 2746 1650 sunt
2782 1585 2853 1648 in

602 1681 945 1759 secund03
993 1691 1362 1744 autumnus
1391 1689 1466 1746 et
1504 1699 1813 1762 vespera,
1848 1680 2082 1764 quales
2115 1690 2275 1744 sunt
2308 1681 2375 1743 in
2407 1682 2658 1760 terti03
2708 1700 2851 1744 nox

600 1784 673 1838 et
710 1773 926 1840 hiems
963 1775 1032 1839 in
1070 1775 1296 1839 ideam
1333 1785 1583 1850 status,
1621 1775 1846 1858 qualis
1891 1785 2001 1840 est
2046 1777 2113 1839 in
2162 1776 2465 1840 inferno:
2518 1775 2677 1839 inde
2715 1785 2847 1852 est,

599 1870 782 1953 quod
818 1872 1063 1935 similia
1094 1891 1216 1952 per
1245 1871 1366 1936 illa
1401 1881 1715 1954 tempora
1750 1871 2222 1954 significentur
2252 1872 2321 1936 in
2353 1870 2591 1936 Verbo
2628 1869 2848 1954 (vide-

602 1977 755 2031 atur
791 1986 1014 2048 supra,
1055 1987 1120 2030 n.
1169 1981 1238 2048 15
1251 1965 1340 2050 5).
1429 1966 1604 2031 Inde
1641 1976 1860 2048 patet,
1898 1967 2247 2051 quomodo
2280 1966 2639 2043 naturalia,
2673 1987 2848 2050 quae

597 2063 664 2124 in
701 2063 1127 2145 cogitatione
1163 2061 1460 2128 hominis
1497 2072 1679 2138 sunt,
1716 2059 1888 2127 fiunt
1925 2062 2305 2145 spiritualia
2336 2061 2516 2145 apud
2554 2061 2847 2146 angelos

597 2157 708 2240 qui
744 2158 926 2239 apud
963 2158 1336 2221 hominem.
1593 2196 1595 2198 -

720 2254 910 2334 16³7·
969 2249 1148 2334 Quia
1182 2251 1413 2335 angeli
1449 2272 1586 2316 non
1625 2251 1927 2337 aliquam
1960 2254 2317 2320 notionem
2350 2253 2683 2336 temporis
2719 2251 2844 2318 ha·

593 2348 786 2423 bent,
821 2347 978 2411 ideo
1011 2347 1218 2410 aliam
1255 2348 1479 2412 ideam
1516 2346 1779 2412 habent
1818 2347 1905 2412 de
1943 2359 2252 2425 aeterno,
2287 2368 2491 2433 quam
2528 2347 2845 2413 homines

592 2443 856 2506 telluris
885 2463 902 2520 ;
950 2442 1180 2525 angeli
1217 2463 1338 2524 per
1370 2453 1732 2508 aeternum
1771 2445 2154 2527 percipiunt
2185 2453 2447 2509 statum
2480 2442 2840 2520 infinitum,

592 2557 728 2602 non
763 2548 1000 2602 autem
1037 2547 1310 2620 tempus
1347 2536 1797 2602 infinitum.(1²¹›
1887 2538 2303 2622 Cogitabam
2349 2539 2700 2624 quondam
2746 2539 2835 2603 de

592 2643 898 2708 aeterno,
939 2643 1010 2698 et
1049 2651 1172 2715 per
1207 2633 1434 2698 ideam
1472 2633 1804 2715 temporis
1837 2636 2187 2719 percipere
2225 2635 2421 2719 potui
2456 2633 2619 2717 quid
2656 2642 2842 2699 esset

591 2729 662 2792 in
696 2738 1054 2803 aeternum,
1089 2729 1274 2811 quod
1312 2748 1560 2811 nempe
1593 2729 1849 2812 absque
1886 2728 2040 2806 fine,
2076 2729 2199 2793 sed
2230 2750 2367 2807 non
2406 2730 2569 2812 quid
2605 2728 2692 2793 ab
2728 2750 2838 2793 ae-

588 2832 794 2899 terno,
828 2825 926 2887 ita
963 2842 1088 2887 nec
1127 2823 1288 2906 quid
1327 2824 1513 2888 Deus
1545 2833 1711 2888 ante
1742 2827 2169 2889 creationem
2205 2827 2295 2889 ab
2330 2836 2619 2889 aeterno
2650 2824 2837 2889 fece-

587 2927 732 2982 rat:
802 2938 958 2983 cum
1003 2920 1325 2985 anxietas
1377 2920 1542 2984 mihi
1596 2919 1757 2984 inde
1818 2929 1973 2984 orta
2017 2931 2149 2997 est,
2198 2921 2507 2985 elevatus
2546 2939 2705 2990 ,sum
2764 2920 2835 2984 in

587 3014 947 3094 sphaeram
982 3015 1178 3089 caeli,
1213 3025 1287 3079 et
1323 3016 1421 3079 sic
1459 3016 1528 3079 in
1568 3018 2089 3097 perceptionem
2127 3016 2195 3081 in
2234 3037 2369 3100 qua
2405 3015 2637 3099 angeli
2676 3026 2837 3081 sunt

585 3108 672 3172 de
707 3118 994 3173 aeterno
1022 3131 1038 3188 ;
1084 3120 1157 3173 et
1196 3119 1358 3175 tunc
1391 3109 1775 3176 illustratus
1807 3112 1989 3194 quod
2029 3112 2115 3176 de
2153 3121 2439 3176 aeterno
2472 3129 2609 3176 non
2642 3112 2834 3195 cogi·

585 3203 870 3267 tandum
907 3206 996 3267 sit
1041 3224 1133 3267 ex
1181 3215 1516 3287 tempore,
1557 3207 1679 3270 sed
1728 3227 1769 3269 a
1812 3215 2025 3283 statu,
2066 3217 2140 3271 et
2186 3207 2369 3289 quod
2408 3216 2572 3271 tunc
2613 3208 2831 3289 perci-

583 3299 807 3379 piatur
839 3299 1001 3381 quid
1037 3300 1126 3364 sit
1161 3298 1248 3363 ab
1283 3310 1550 3365 aeterno
1566 3323 1600 3375 ,·
1643 3302 1827 3383 quod
1866 3304 2077 3365 etiam
2116 3320 2384 3365 mecum
2414 3298 2669 3366 fastum
2702 3310 2829 3367 est.

707 3394 906 3460 168.
966 3392 1228 3475 Angeli
1272 3395 1387 3477 qui
1431 3415 1586 3460 cum
1631 3394 2023 3460 hominibus
2060 3395 2451 3479 loquuntur,
2492 3414 2827 3479 nusquam

581 3487 950 3572 loquuntur
1007 3508 1129 3571 per
1187 3489 1375 3553 ideas
1435 3490 1787 3555 naturales
1845 3490 2106 3556 homini
2166 3491 2496 3573 propriaS,
2547 3510 2827 3573 quarum

579 3604 822 3647 omnes
867 3594 1028 3649 sunt
1087 3606 1178 3649 ex
1243 3595 1580 3669 tempore,
1630 3606 1721 3649 ex
1770 3586 2021 3667 spatie,
2070 3606 2161 3649 ex
2207 3584 2569 3659 materiali,
2617 3595 2689 3649 et
2735 3606 2827 3649 ex

577 3680 848 3743 illorum
886 3680 1224 3763 analogis,
1263 3680 1390 3744 sed
1427 3701 1548 3764 per
1585 3681 1776 3745 ideas
1813 3680 2223 3764 spirituales,
2264 3699 2548 3764 quarum
2586 3699 2827 3745 omnes

577 3786 738 3839 sunt
763 3796 854 3839 ex
879 3775 1176 3839 statibus
1201 3784 1276 3839 et
1305 3795 1542 3840 eorum
1565 3776 2063 3841 mutationibus
2087 3776 2291 3840 variis
2316 3777 2497 3841 intra
2522 3786 2595 3839 et
2620 3785 2827 3839 extra

575 3870 865 3953 angelos
894 3891 911 3948 ;
957 3870 1080 3935 sed
1120 3892 1330 3953 usque
1365 3871 1721 3953 angelicae
1758 3871 1977 3947 ideae,
2019 3891 2191 3954 quae
2228 3868 2636 3953 spiritualeS,
2672 3889 2823 3935 cum

573 3966 862 4030 influunt
909 3966 1088 4047 apud
1137 3966 1469 4042 homines,
1511 3975 1875 4031 vertuntur
1920 3975 2278 4032 momento
2338 3974 2411 4031 et
2465 3987 2559 4030 ex
2618 3987 2694 4030 se
2752 3968 2821 4030 in

571 4061 764 4125 ideas
809 4061 1160 4125 naturales
1205 4060 1463 4125 homini
1500 4064 1811 4145 proprias
1846 4061 2309 4145 spiritualibus
2348 4080 2622 4145 prorsus
2669 4081 2820 4126 cor-

571 4157 1114 4237 respondentes;
1161 4154 1344 4239 quod
1381 4156 1478 4219 ita
1513 4154 1654 4233 fiat,
1694 4155 1929 4239 angeli
1966 4176 2105 4221 non
2144 4157 2391 4231 sciunt,
2433 4176 2557 4221 nec
2596 4154 2820 4219 homi-

569 4270 732 4315 nes:
801 4250 962 4316 talis
999 4252 1211 4315 etiam
1257 4262 1365 4316 est
1411 4252 1634 4316 omnis
1670 4250 1967 4315 influxus
2004 4250 2178 4315 caeli
2220 4251 2402 4333 apud
2447 4249 2817 4315 hominem.

1349 4452 1433 4504 (nx
1457 4460 1654 4494 mm
1679 4450 2010 4505 caum-xm.)

676 4550 803 4621 (Ill)
853 4548 1033 4624 Quod
1063 4550 1412 4609 hominibus
1439 4553 1520 4609 sit
1549 4552 1687 4609 idea
1714 4552 1943 4609 aeterni
1973 4570 2127 4611 cum
2136 4564 2425 4627 tempore.
2450 4553 2682 4629 angelis
2710 4571 2815 4611 au·-

567 4630 692 4678 tem
716 4623 946 4695 absque
970 4634 1244 4695 tempore
1271 4623 1723 4695 (rx-138²·3404»
1751 4624 1935 4695 8325).
2334 4696 2337 4702 Ι
2372 4694 2385 4707 ·
2570 4700 2585 4708 -
