3371 5304
783 605 886 656 DE
927 602 1429 679 AEQUILIBmo
1467 603 1706 656 mnes
1742 603 2061 658 CAELUM
2099 603 2197 654 ET
2233 602 2662 654 INFERNUM.
2750 590 2874 672 383

629 779 892 862 quovis»,
925 777 1086 842 inde
1115 796 1386 860 quoque
1417 775 1632 842 effluit
1665 797 1757 840 ex
1790 775 2167 860 unaquavis
2190 777 2531 841 societate
2562 775 2873 853 caelesti,

629 885 700 940 et
731 895 828 938 ex
853 873 1232 956 unaquavis
1255 872 1600 936 societate
1629 872 1963 947 infernali,
1990 880 2501 955 consequenter
2531 893 2622 936 ex
2652 872 2877 936 omni·

629 971 754 1034 bus
772 968 994 1042 simul,
1021 969 1154 1033 hoc
1181 977 1313 1044 est,
1341 989 1434 1032 ex
1465 977 1626 1032 toto
1657 967 1857 1032 caelo
1887 977 1960 1032 et
1994 987 2083 1032 ex
2110 977 2269 1032 toto
2290 966 2577 1031 inferno.
2668 965 2875 1048 Quod

629 1066 888 1130 bonum
925 1063 1159 1128 effluat
1197 1085 1290 1130 ex
1327 1063 1550 1139 cae10,
1591 1073 1703 1128 est
1736 1065 1895 1146 quia
1930 1083 2173 1128 omnes
2208 1063 2299 1126 ibi
2343 1063 2411 1126 in
2450 1063 2636 1126 bono
2671 1072 2873 1143 sunt3

628 1170 701 1225 et
745 1161 930 1243 quod
969 1159 1226 1224 malum
1271 1180 1362 1224 ex
1413 1160 1700 1232 inferno,
1735 1169 1844 1223 est
1882 1159 2039 1242 quia
2084 1178 2323 1223 omnes
2370 1159 2461 1222 ibi
2512 1157 2641 1242 [in]
2689 1159 2876 1222 malo

629 1265 811 1320 sunt.
901 1255 1170 1318 Bonum
1215 1256 1399 1338 quod
1459 1277 1498 1319 e
1557 1255 1759 1318 caelo
1818 1265 1931 1318 est
1988 1273 2195 1319 omne
2252 1274 2295 1316 a
2341 1253 2665 1329 Domino,
2714 1269 2875 1318 nam

628 1350 859 1433 angeli
895 1351 1012 1432 qui
1046 1351 1116 1414 in
1155 1349 1366 1414 caelis
1401 1361 1586 1424 sunt,
1620 1351 2023 1414 detinentur
2056 1368 2300 1414 omnes
2337 1370 2380 1413 a
2412 1369 2539 1413 suo
2573 1350 2871 1431 proprio,

629 1465 708 1512 ac
754 1455 1086 1510 tenentur
1131 1446 1200 1510 in
1247 1447 1526 1528 proprio
1569 1445 1872 1521 Domini,
1912 1445 2096 1528 quod
2143 1453 2252 1509 est
2298 1446 2520 1526 ipsum
2558 1443 2873 1524 Bonum;

627 1551 702 1605 at
737 1542 1016 1623 spiritus
1049 1541 1162 1622 qui
1199 1542 1266 1604 in
1305 1541 1582 1604 infernis
1613 1550 1798 1617 sunt,
1832 1558 2074 1604 omnes
2112 1541 2180 1604 in
2216 1560 2343 1602 suo
2381 1540 2655 1622 proprio
2685 1549 2871 1616 sunt,

628 1655 708 1700 ac
748 1637 1094 1719 proprium
1125 1635 1420 1718 cujusvis
1451 1655 1590 1700 non
1650 1645 1761 1699 est
1806 1635 1934 1700 nisi
1972 1655 2178 1718 quam
2216 1635 2512 1715 malum;
2580 1645 2657 1698 et
2714 1634 2875 1718 quia

629 1752 766 1796 non
813 1735 941 1796 nisi
987 1751 1192 1814 quarn
1231 1732 1510 1808 malum,
1549 1741 1658 1796 est
1704 1728 2149 1795 infernum.(⁰⁰)
2238 1731 2353 1796 Ex
2400 1731 2507 1795 his
2550 1741 2873 1795 constare

629 1837 887 1909 potest,
915 1827 1099 1910 quod
1131 1826 1604 1909 aequilibrium
1641 1827 1711 1889 in
1744 1847 1881 1909 quo
1912 1835 2239 1890 tenentur
2267 1826 2499 1908 angeli
2538 1827 2607 1891 in
2638 1825 2869 1902 caelis,

627 1932 698 1986 et
737 1924 1016 2004 spiritus
1053 1923 1122 1986 in
1157 1921 1458 1997 infernis,
1495 1941 1633 1985 non
1665 1922 1756 1984 sit
1789 1923 1966 1985 sicut
1998 1920 2469 2004 aequilibrium
2509 1922 2575 1985 in
2614 1922 2873 1988 mundo

629 2018 1008 2100 spirituum.
1095 2017 1596 2102 Aequilibrium
1622 2016 2026 2099 angelorum
2057 2017 2127 2080 in
2159 2016 2369 2080 caelis
2397 2026 2507 2081 est
2536 2027 2872 2102 quantum

627 2113 697 2176 in
735 2112 919 2176 bono
955 2111 1323 2177 voluerunt
1359 2133 1536 2188 esse,
1575 2131 1699 2176 seu
1734 2122 2067 2194 quantum
2104 2112 2171 2176 in
2208 2111 2397 2176 bono
2432 2112 2759 2177 vixerunt
2802 2113 2873 2176 in

629 2209 906 2284 mundo,
945 2209 1046 2272 ita
1083 2227 1354 2291 quoque
1397 2217 1733 2292 quantum
1772 2208 2071 2272 aversati
2102 2216 2261 2270 sunt
2300 2207 2592 2271 malum:
2640 2210 2872 2291 aequi-

629 2303 897 2366 librium
933 2312 1169 2367 autem
1205 2304 1568 2384 spirituum
1604 2303 1674 2366 in
1714 2301 2000 2378 inferno,
2042 2311 2150 2366 est
2196 2311 2533 2385 quantum
2578 2304 2645 2366 in
2682 2302 2873 2367 malo

624 2398 988 2463 voluerunt
1033 2417 1210 2473 esse,
1249 2419 1370 2462 seu
1406 2407 1741 2481 quantum
1776 2399 1847 2460 in
1884 2397 2069 2462 malo
2106 2398 2429 2461 vixerunt
2474 2399 2543 2460 in
2589 2398 2869 2475 mundo,

627 2495 724 2557 ita
769 2513 1040 2577 quoque
1086 2503 1420 2576 quantum
1467 2494 1676 2558 eorde
1722 2501 1797 2558 et
1842 2494 2083 2576 spiritu
2136 2503 2383 2557 contra
2427 2493 2681 2558 bonum
2726 2494 2871 2559 sue-

628 2599 808 2654 runt.

752 2698 984 2768 5920*
1013 2684 1166 2751 Nisi
1203 2685 1543 2749 Dominus
1581 2694 1853 2766 regeret
1885 2694 2033 2749 tam
2072 2682 2305 2747 caelos
2343 2703 2547 2766 quam
2584 2683 2869 2764 inferna,

629 2798 766 2843 non
813 2780 990 2845 foret
1035 2781 1314 2864 aliquod
1359 2780 1885 2864 aequilibrium;
1946 2790 2018 2845 et
2078 2780 2135 2842 si
2189 2799 2325 2843 non
2371 2779 2870 2862 aequilibrium,

629 2896 768 2940 non
805 2876 984 2940 foret
1021 2876 1292 2941 caelum
1329 2886 1404 2941 et
1447 2877 1829 2954 infernum;
1873 2875 2107 2939 omnia
2138 2876 2321 2938 enim
2366 2885 2438 2939 et
2484 2874 2757 2957 singula
2800 2879 2871 2941 in

628 2974 968 3048 universo,
1009 2972 1142 3035 hoc
1182 2982 1316 3048 est,
1357 2974 1606 3037 tamin
1639 2972 1901 3036 mundo
1930 2970 2227 3035 naturali
2263 2989 2466 3053 quam
2506 2972 2575 3033 in
2612 2975 2873 3037 mundo

627 3068 958 3150 spirituali
1004 3068 1400 3132 consistunt
1444 3088 1536 3131 ex
1583 3066 2005 3149 aequilibrio.
2098 3062 2303 3147 Quod
2350 3066 2451 3130 ita
2495 3066 2609 3141 sit,
2648 3070 2873 3134 omnis

626 3163 984 3228 rationalis
1015 3162 1228 3227 homo
1259 3171 1496 3246 potest
1528 3153 1881 3245 percipere
1908 3181 1923 3224 ε
1972 3162 2063 3225 da
2094 3162 2306 3227 modo
2336 3163 2873 3244 superpondium

626 3260 716 3322 ab
751 3278 887 3322 una
924 3266 1144 3343 parte,
1177 3267 1250 3323 et
1287 3257 1454 3321 nihil
1487 3258 1922 3321 resistentiae
1958 3257 2047 3321 ab
2080 3256 2321 3331 altera,
2356 3276 2587 3320 annon
2620 3259 2873 3339 periret

628 3355 1040 3437 utrumque?
1129 3354 1241 3419 Ita
1272 3354 1446 3418 foret
1477 3355 1545 3417 in
1585 3353 1921 3436 spirituali
1962 3352 2239 3429 mundo,
2280 3352 2336 3415 si
2376 3371 2511 3415 non
2552 3363 2872 3435 reageret

628 3450 882 3513 bonum
921 3458 1166 3513 contra
1202 3449 1480 3525 malum,
1515 3468 1596 3512 ac
1634 3446 2201 3513 insurree'tionem
2232 3447 2373 3529 ejus
2397 3446 2654 3530 jugiter
2677 3467 2871 3513 coer-

628 3553 859 3621 ceret;
913 3545 1041 3609 nisi
1087 3544 1218 3609 hoc
1267 3546 1464 3608 unice
1503 3545 1829 3608 Divinum
1864 3543 2145 3619 faceret,
2186 3544 2438 3625 periret
2484 3554 2559 3606 et
2604 3543 2871 3607 caelum

628 3650 700 3705 et
739 3639 1095 3716 infernum,
1137 3648 1210 3705 et
1245 3658 1401 3704 cum
1439 3640 1546 3703 his
1581 3649 1813 3703 totum
1851 3658 2071 3722 genus
2107 3639 2518 3702 humanum:
2566 3638 2697 3702 nisi
2734 3638 2870 3703 hoc

632 3911 1220 4055 1019711013ξέιοοΜ
1239 3928 1316 3969 ex
1334 3912 1507 3969 malis
1521 3912 1857 3969 contrariae
1878 3919 2021 3969 sunt
2040 3911 2309 3986 sphaeris
2322 3928 2395 3967 ex
2416 3912 2592 3969 bonis
2614 3913 2697 3981 (11.
2718 3912 2869 3983 1695,

735 4026 916 4126 Quod
950 3986 1236 4125 spilaerae
1269 4054 1402 4110 illae
1439 4070 1504 4110 se
1540 4054 1721 4127 longe
1750 4056 2081 4110 extendant
2112 4054 2168 4108 in
2202 4054 2525 4109 societates
2553 4052 2870 4125 angelicas,

626 4128 960 4209 secundum
985 4127 1163 4210 quale
1187 4137 1251 4182 et
1273 4135 1564 4211 quantum
1591 4126 1737 4181 boni
1764 4128 1848 4195 (n.
1872 4126 2209 4195 6598-6613.
2236 4126 2393 4195 8063.
2422 4126 2579 4193 8794,
2608 4126 2792 4209 8797).

739 4196 817 4252 Et
851 4213 915 4251 in
947 4206 1270 4255 societates
1295 4196 1618 4253 infernales
1641 4197 1975 4255 secundum
2000 4198 2175 4270 quale
2204 4206 2269 4253 et
2296 4207 2587 4268 quantum
2618 4197 2759 4253 mali
2788 4198 2869 4266 (n.

628 4267 785 4337 8794.
813 4266 998 4337 8797)-

735 4388 846 4458 (oo)
957 4388 1079 4444 uod
1117 4387 1424 4461 proprium
1463 4388 1727 4445 hominis
1760 4404 1881 4445 non
1912 4388 1991 4445 sit
2018 4386 2131 4445 nisi
2162 4404 2343 4460 quam
2374 4388 2599 4445 malum
2634 4389 2715 4459 (n.
2748 4402 2869 4453 210,

629 4473 749 4530 2¹5·
776 4472 896 4529 731,
961 4458 1190 4527 74—876‚
1213 4460 1334 4531 987.
1366 4472 1519 4527 1047,
1545 4473 1705 4529 2307,
1730 4458 1923 4530 2318[?
1950 4460 2131 4531 2308],
2158 4460 2316 4533 3518,
2345 4472 2499 4531 3701,
2528 4459 2683 4529 3812,
2710 4458 2867 4527 8480,

629 4528 783 4599 8550.
818 4530 1006 4598 10283.
1039 4530 1225 4597 10284.
1260 4528 1446 4594 10286,
1481 4532 1695 4601 10731[,
1729 4530 1966 4600 ¹0732])·

735 4598 916 4673 Quod
943 4602 1252 4673 proprium
1279 4601 1544 4659 hominis
1567 4602 1649 4657 sit
1675 4601 1973 4657 infernum
1996 4602 2157 4675 apud
2184 4602 2353 4657 illum
2384 4602 2465 4673 (11.
2489 4600 2613 4673 694.
2640 4600 2823 4671 8480).
