3371 5304
910 617 1011 666 DE
1060 616 1445 668 Dlvl'rmus
1490 616 1588 667 ET
1636 618 2100 670 PAUPERIBUS
2146 618 2228 669 IN
2272 618 2544 669 CAELO.
2721 622 2846 687 223

601 786 785 853 vitae
822 804 1043 869 paene
1080 786 1455 863 solitariae,
1496 796 1571 851 ut
1608 806 1732 870 per
1767 784 2305 853 abstractionem
2343 789 2846 871 cogitationum

600 902 643 947 a
688 882 1072 958 mundanis,
1110 892 1443 948 vacarent
1490 884 1621 966 piis
1658 883 2272 962 meditationibus;
2333 884 2701 949 credentes
2749 887 2848 949 sic

600 978 867 1060 ingredi
895 978 1076 1040 viam
1106 977 1283 1042 caeli
1310 997 1327 1041 τ
1380 978 1501 1042 sed
1540 977 1638 1041 illi
1674 979 1744 1041 in
1781 977 2005 1043 altera
2034 978 2182 1041 vita
2212 978 2394 1043 tristi
2423 980 2634 1061 genio
2663 991 2846 1053 sunt,

600 1082 934 1154 spernunt
964 1071 1139 1135 alios
1175 1074 1291 1155 qui
1327 1090 1465 1137 non
1502 1072 1632 1136 sibi
1668 1072 1928 1137 similes
1965 1082 2150 1147 sunt,
2184 1073 2632 1153 indignantur
2663 1076 2846 1157 quod

600 1186 739 1231 non
774 1168 999 1233 felicia
1037 1188 1200 1249 prae
1240 1168 1515 1251 reliquis
1549 1169 1944 1243 sortiantur,
1979 1168 2346 1231 credentes
2383 1186 2456 1231 se
2495 1171 2846 1245 meruisse,

600 1284 725 1329 nec
744 1273 989 1327 curant
1007 1264 1201 1339 alios,
1225 1272 1299 1327 et
1323 1272 1650 1327 avertunt
1668 1282 1744 1327 se
1767 1262 1856 1325 ab
1876 1262 2116 1327 officiis
2133 1263 2510 1338 charitatis,
2533 1284 2654 1346 per
2671 1284 2845 1347 quae

599 1356 991 1441 conjunctio
1026 1368 1135 1423 est
1182 1377 1335 1422 cum
1373 1357 1593 1421 caelo.
1689 1356 1973 1423 Caelum
2013 1377 2172 1439 prae
2209 1357 2484 1441 reliquis
2522 1359 2845 1441 cupiunt3

600 1454 722 1518 sed
768 1474 923 1519 cum
968 1453 1327 1518 elevantur
1375 1454 1489 1517 ubi
1533 1451 1767 1534 angeli
1811 1462 1996 1529 sunt,
2035 1452 2373 1517 inducunt
2421 1454 2842 1529 anxietates,

598 1568 773 1633 quae
810 1547 1035 1613 felicia
1070 1546 1474 1631 angelorum
1512 1547 1963 1629 perturbant;
2009 1556 2430 1629 quapropter
2466 1548 2844 1611 dissocian-

599 1654 729 1719 tur,
763 1662 843 1707 ac
882 1643 1237 1707 dissociati
1269 1641 1630 1707 conserunt
1665 1662 1741 1706 se
1777 1642 1848 1706 in
1885 1640 2039 1705 loca
2076 1642 2372 1717 deserta,
2407 1642 2522 1706 ubi
2552 1642 2846 1707 similem

597 1739 837 1815 vitam,
875 1738 1150 1822 qualem
1188 1740 1256 1802 in
1295 1738 1572 1814 mundo,
1614 1734 1903 1819 magant.
1995 1736 2230 1802 Homo
2268 1737 2353 1800 ad
2392 1736 2661 1802 caelum
2702 1758 2842 1803 non

597 1833 873 1898 formari
908 1844 1169 1915 potest,
1208 1834 1339 1897 nisi
1383 1853 1505 1916 per
1540 1834 1910 1910 mundum3
1955 1832 2052 1895 ibi
2091 1842 2252 1895 sunt
2291 1831 2516 1897 ultimi
2540 1830 2844 1911 effecius,

598 1930 665 1993 in
700 1949 873 2013 quos
905 1928 1341 1993 terminanda
1370 1939 1481 1992 est
1516 1928 1811 2010 cujusvis
1841 1924 2112 1991 affectio
2140 1948 2158 2006 ;
2203 1948 2380 2009 quae
2417 1928 2545 1991 nisi
2581 1930 2845 1999 exserit

598 2044 671 2088 se
708 2044 831 2088 seu
866 2023 1153 2087 effundit
1188 2024 1257 2087 in
1295 2020 1510 2098 astus,
1551 2023 1736 2106 quod
1771 2021 1848 2087 fit
1887 2023 1956 2085 in
1992 2023 2334 2085 societate
2367 2021 2680 2103 plurium,
2707 2023 2842 2087 suf-

597 2119 864 2185 focatur
904 2118 1045 2194 illa,
1094 2119 1377 2183 tandem
1421 2119 1620 2194 adeo,
1668 2128 1747 2183 ut
1797 2117 2010 2181 homo
2055 2136 2192 2181 non
2237 2113 2508 2198 spectet
2552 2117 2843 2201 amplius

598 2215 1009 2296 proximum,
1046 2213 1172 2277 sed
1203 2222 1428 2278 semet
1452 2212 1700 2277 solum.
1790 2211 1964 2275 Inde
1989 2220 2208 2293 patet,
2234 2210 2419 2293 quod
2450 2210 2595 2274 vita
2619 2212 2842 2277 chari-

598 2311 766 2375 tatis
803 2328 971 2391 erga
1006 2310 1418 2390 proximum,
1456 2328 1631 2391 quae
1670 2316 1780 2372 est
1817 2307 2042 2373 facere
2069 2305 2330 2388 justum
2363 2315 2436 2369 et
2475 2303 2735 2371 rectum
2773 2307 2841 2370 in

597 2405 783 2471 omni
822 2424 1031 2487 opere
1066 2414 1141 2467 et
1186 2404 1257 2467 in
1300 2404 1487 2467 omni
1524 2398 1894 2478 func'tione,
1933 2401 2142 2465 ducat
2187 2400 2276 2463 ad
2321 2399 2587 2466 caelum
2621 2422 2638 2478 ;
2703 2422 2840 2467 non

594 2510 828 2564 autem
860 2501 1005 2564 vita
1029 2499 1308 2582 pietatis
1339 2498 1595 2581 absque
1621 2497 1741 2561 illa
1762 2494 1840 2560 :(‘)
1888 2505 2397 2578 consequenter
2420 2495 2602 2577 quod
2635 2516 2840 2561 exer·

595 2595 759 2661 citia
789 2594 1150 2661 charitatis
1182 2604 1255 2660 et
1284 2593 1445 2657 inde
1474 2594 1904 2658 incrementa
1935 2591 2115 2656 illius
2147 2591 2354 2667 vitae,
2389 2600 2662 2656 tantum
2693 2592 2842 2657 dari

594 2693 881 2774 possint,
928 2701 1261 2772 quantum
1306 2688 1519 2754 homo
1568 2689 1637 2752 in
1693 2688 1993 2770 negotiis
2039 2696 2186 2764 est3
2247 2697 2318 2750 et
2379 2695 2654 2750 tanturn
2701 2707 2840 2750 non

594 2786 761 2862 dari,
794 2797 1125 2869 quantum
1163 2805 1237 2848 se
1274 2791 1586 2848 removet
1614 2782 1704 2846 ab
1735 2783 1888 2846 illis.
1977 2782 2084 2846 De
2121 2781 2225 2845 his
2265 2780 2504 2864 loquar
2535 2801 2712 2845 nunc
2751 2782 2840 2846 ab

594 2881 1045 2964 experientia.
1135 2879 1369 2944 Plures
1406 2899 1497 2942 ex
1528 2877 1665 2942 illis
1695 2877 1810 2960 qui
1844 2877 2436 2958 negotiationibus
2468 2885 2542 2940 et
2574 2897 2837 2942 merca-

595 2979 763 3041 turis
786 2993 1065 3059 operam
1097 2975 1165 3038 in
1190 2975 1448 3040 mundo
1471 2975 1835 3048 dederunt,
1863 2982 1936 3036 et
1967 2993 2238 3054 quoque
2266 2992 2386 3054 per
2409 2971 2565 3036 illas
2591 2973 2840 3038 divites

594 3069 757 3136 facti
810 3079 994 3146 sunt,
1042 3070 1113 3133 in
1172 3069 1369 3133 caelo
1418 3078 1623 3146 sunt;
1682 3067 2040 3150 pauciores
2094 3076 2330 3131 autem
2390 3087 2480 3131 ex
2535 3066 2670 3131 illis
2721 3069 2838 3150 qui

594 3165 915 3230 honorati
940 3173 1102 3228 sunt
1132 3173 1207 3228 et
1238 3164 1490 3228 divites
1519 3159 1681 3228 fasti
1713 3182 1834 3245 per
1856 3159 2238 3226 functiones
2264 3183 2279 3239 ;
2327 3182 2418 3226 ex
2445 3181 2651 3226 causa
2681 3163 2839 3245 quia

594 3261 663 3324 hi
707 3281 827 3343 per
874 3260 1291 3324 lucrationes
1335 3267 1409 3322 et
1455 3279 1577 3340 per
1613 3257 1912 3321 honores
1958 3257 2048 3320 ob
2085 3257 2638 3338 dispensationes
2671 3256 2836 3337 justi

594 3367 666 3422 et
695 3354 887 3431 recti,
921 3365 1067 3420 tum
1100 3355 1441 3418 lucrorum
1472 3363 1545 3416 et
1581 3353 1941 3425 honorum,
1969 3351 2099 3415 sibi
2131 3351 2358 3426 datos,
2386 3349 2642 3416 inducti
2675 3361 2836 3416 sunt

593 3462 816 3516 semet
854 3461 925 3516 et
965 3450 1293 3513 mundum
1330 3467 1583 3524 amare,
1624 3457 1698 3511 et
1736 3467 1857 3529 per
1901 3446 1967 3509 id
2016 3447 2478 3527 cogitationes
2516 3456 2588 3509 et
2633 3445 2836 3510 affec-

596 3547 822 3610 tiones
858 3567 897 3609 e
935 3545 1132 3609 caelo
1168 3563 1549 3618 removere,
1596 3553 1669 3608 et
1707 3541 1796 3604 ad
1831 3561 1907 3605 se
1943 3550 2254 3605 vertere:
2305 3560 2464 3604 nam
2501 3551 2833 3622 quantum

594 3641 801 3706 homo
832 3650 1055 3706 semet
1093 3649 1166 3705 et
1204 3638 1531 3704 mundum
1564 3647 1778 3713 amat,
1812 3645 1886 3701 et
1923 3656 1996 3700 se
2033 3655 2113 3700 ac
2148 3636 2476 3700 mundum
2512 3637 2580 3698 in
2614 3637 2833 3698 omni-

594 3737 719 3800 bus
755 3735 1046 3820 spectat,
1086 3746 1361 3800 tantum
1398 3755 1472 3798 se
1508 3731 1864 3798 abalienat
1907 3752 1951 3796 a
1995 3727 2270 3805 Divino,
2309 3750 2389 3795 ac
2436 3740 2750 3795 removet
2797 3751 2838 3795 a

591 3832 915 4008 caegokxo
975 3923 1138 3990 Sors
1176 3924 1467 3989 divitum
1503 3922 1574 3987 in
1611 3919 1812 3987 caelo
1847 3927 1957 3985 est
1993 3917 2180 3997 talis,
2213 3917 2396 4003 quod
2441 3917 2511 3984 in
2547 3916 2832 4002 opulen-

1367 4131 1466 4186 [(ιπ
1490 4140 1685 4174 Μ
1708 4125 2052 4182 mn

703 4239 774 4307 (e)
828 4235 1007 4322 Quod
1040 4235 1303 4292 charitas
1336 4250 1478 4306 erga
1516 4233 1852 4306 proximum
1887 4231 1968 4288 sit
2002 4228 2198 4288 facere
2225 4230 2472 4294 bonum,
2505 4229 2736 4302 justum
2770 4239 2836 4288 et

594 4305 827 4366 rectum
858 4325 919 4363 m
949 4306 1113 4364 omni
1140 4321 1323 4378 opere
1358 4317 1423 4361 et
1461 4305 1520 4359 in
1558 4303 1726 4360 omni
1749 4299 2056 4358 functione
2087 4303 2172 4370 (n.
2209 4300 2572 4369 8120-8122).

704 4379 852 4435 Inde
876 4375 1039 4449 quod
1065 4378 1327 4432 charitas
1350 4393 1491 4449 erga
1556 4375 1854 4430 roximum
1880 4389 1946 4428 se
1969 4373 2258 4428 extendat
2282 4371 2360 4426 ad
2397 4373 2603 4427 omnia
2626 4380 2691 4429 et
2712 4371 2834 4430 sin-

596 4449 751 4523 gula.
776 4465 931 4520 quae
956 4449 1141 4505 homo
1164 4447 1414 4532 cogitat,
1438 4393 1573 4502 vuft
1595 4456 1657 4528 et
1687 4444 1834 4502 facit
1859 4446 1941 4512 (n.
1967 4443 2152 4528 ξι24).
2201 4515 2215 4527 ·
2267 4514 2279 4527 ·

700 4519 881 4592 Quod
906 4518 1035 4576 vita
1058 4519 1299 4590 pietatis
1322 4519 1547 4589 absque
1569 4528 1696 4572 vita
1719 4515 2030 4572 charitatis
2051 4515 2129 4570 ad
2157 4514 2306 4570 mhnl
2323 4514 2539 4572 valeat.
2559 4515 2666 4570 sed
2696 4529 2833 4570 cum

598 4590 697 4647 illa
724 4591 1024 4646 conducat
1047 4591 1120 4645 ad
1151 4589 1355 4646 omnia
1382 4591 1461 4658 (n.
1488 4587 1644 4658 8252,
1666 4587 1735 4642 82
1743 4587 1845 4657 53).
