3371 5304
596 618 682 686 68
1291 630 1394 682 nn
1437 629 1692 684 catto
1738 629 1835 682 ετ
1880 631 2248 684 mnium.

598 801 864 872 Hortus
889 805 1019 870 Dei
1051 815 1124 869 et
1157 799 1622 882 Paradisu·s‚‹··>
1653 813 1727 870 et
1758 825 2030 888 quoque
2060 805 2153 869 ab
2180 804 2458 870 homine
2484 805 2845 874 paradisus

595 903 936 968 caelestis.
1027 901 1336 965 Arbores
1373 901 1751 966 secundum
1794 921 1953 965 suas
1998 901 2266 983 species
2302 902 2845 986 correspondent

595 995 1149 1081 perceptionibus
1207 1006 1279 1062 et
1339 997 1851 1079 cognitionibus
1895 997 2059 1060 boni
2118 1006 2191 1060 et
2248 997 2414 1072 veri,
2448 1017 2543 1062 ex
2600 997 2845 1081 quibus

595 1093 1062 1176 intelligentia
1117 1101 1192 1156 et
1254 1092 1633 1174 sapientia3
1710 1092 1867 1156 ideo
1926 1093 2209 1174 antiqui,
2254 1092 2372 1174 qui
2428 1093 2499 1158 in
2558 1093 2845 1158 scientia

595 1189 1358 1272 correspondentiamm
1394 1199 1616 1263 erant,
1659 1188 1920 1252 cultum
1966 1207 2161 1251 suum
2200 1186 2513 1252 sanetum
2556 1189 2625 1252 in
2672 1187 2845 1254 lucis

594 1284 983 1348 habuerunt
1007 1281 1096 1363 3⁹⁸)
1133 1294 1204 1348 et
1237 1284 1394 1346 inde
1426 1293 1556 1357 est,
1590 1283 1777 1366 quod
1808 1283 1876 1346 in
1909 1282 2146 1348 Verbo
2176 1285 2381 1347 toties
2408 1285 2847 1348 nominentur

594 1380 894 1454 arbores,
933 1389 1005 1444 et
1050 1379 1182 1443 illis
1221 1379 1510 1452 caelum,
1551 1377 1867 1454 ecclesia,
1906 1389 1981 1442 et
2026 1379 2233 1442 homo
2270 1389 2727 1460 comparatur,
2766 1386 2843 1442 ut

592 1475 739 1550 viti,
781 1475 997 1550 oleae,
1025 1475 1255 1549 cedm,
1293 1484 1367 1538 et
1415 1473 1602 1552 aliis;
1663 1493 1745 1537 ac
1792 1475 1977 1536 bona
2012 1495 2185 1556 quae
2210 1473 2466 1537 faciunt
2493 1470 2839 1538 fructibus.

596 1567 744 1635 Cibi
784 1571 993 1635 etiam
1032 1571 1146 1652 qui
1190 1590 1280 1632 ex
1329 1567 1484 1642 illis,
1525 1569 1855 1651 imprimis
1884 1568 1997 1652 qui
2044 1589 2135 1632 ex
2180 1570 2555 1633 seminibus
2598 1569 2843 1632 messis

593 1667 762 1747 agri,
813 1664 1355 1748 correspondent
1401 1660 1873 1727 affeetionibus
1919 1663 2081 1727 boni
2146 1674 2219 1728 et
2284 1665 2449 1738 veri,
2499 1659 2589 1730 ek
2635 1683 2845 1728 causa

592 1763 749 1844 quia
782 1761 1087 1824 nutriunt
1120 1761 1332 1822 vitam
1367 1757 1816 1840 spiritualem,
1853 1759 2029 1823 sicut
2068 1760 2201 1823 cibi
2236 1768 2600 1824 terrestres
2638 1768 2841 1823 natu·

591 1853 891 1918 ralem.‘⁰)
1003 1855 1203 1918 Panis
1261 1855 1420 1918 inde
1493 1855 1560 1917 in
1629 1873 1883 1936 genere
1942 1855 2439 1935 correspondet
2502 1851 2843 1920 affefitioni

593 1952 814 2016 omnis
853 1949 1036 2025 boni,
1071 1952 1229 2034 quia
1273 1949 1388 2013 ille
1423 1969 1584 2032 prae
1623 1952 1873 2015 ceteris
1911 1960 2266 2015 sustentat
2301 1952 2537 2026 vitam,
2576 1961 2648 2014 et
2684 1951 2843 2033 quia

593 2066 714 2128 per
773 2047 962 2109 illum
1007 2046 1420 2127 intelligitur
1463 2046 1684 2108 omnis
1728 2046 1960 2110 cibus:
2031 2056 2315 2128 propter
2357 2045 2549 2109 illam
2608 2065 2839 2110 corre·

592 2143 1082 2224 spondentiam
1127 2142 1339 2204 etiam
1387 2141 1724 2204 Dominus
1772 2139 1861 2205 Se
1920 2151 2128 2204 vocat
2177 2143 2431 2206 Panem
2474 2142 2699 2206 vitae:
2768 2149 2841 2206 et

591 2257 862 2320 quoque
896 2247 1176 2319 propter
1207 2235 1396 2299 illam
1423 2255 1636 2317 panes
1675 2237 1743 2299 in
1776 2257 1899 2299 usu
1928 2235 2174 2300 saneto
2196 2237 2465 2300 suerunt
2490 2238 2562 2300 in
2596 2235 2842 2300 Eccle-

591 2333 692 2395 sia
731 2331 1134 2406 Israelitica,
1171 2333 1605 2413 ponebantur
1642 2333 1825 2396 enim
1864 2351 2065 2414 super
2097 2331 2341 2395 Mensa
2380 2333 2446 2395 in
2484 2331 2841 2395 Taberna-

590 2426 771 2502 cu10,
821 2437 894 2491 et
959 2425 1386 2490 vocabantur
1433 2427 1651 2490 Panes
1712 2426 2081 2490 facierum:
2152 2437 2224 2490 et
2288 2447 2557 2510 quoque
2618 2427 2840 2490 omnis

590 2523 815 2587 cultus
849 2521 1156 2596 DivinuS,
1185 2524 1296 2604 qui
1337 2542 1456 2603 per
1486 2520 1815 2586 sacrificia
1846 2531 1917 2584 et
1954 2520 2365 2586 holocausta
2395 2520 2625 2597 fiebat,
2654 2521 2840 2584 dice-

589 2617 791 2682 batur
816 2617 1047 2700 panis:
1091 2627 1370 2699 propter
1393 2616 1584 2681 illam
1609 2615 2296 2698 correspondentiam
2322 2617 2531 2680 etiam
2552 2613 2840 2683 santffis-

589 2716 834 2777 simum
862 2712 1086 2777 cultus
1123 2715 1189 2776 in
1231 2712 1544 2777 Ecclesia
1573 2713 1961 2777 Christiana
1988 2722 2095 2776 est
2135 2710 2343 2777 Sacra
2370 2712 2581 2788 Cena,
2608 2713 2677 2777 in
2708 2732 2844 2795 qua.

590 2809 792 2872 datur
839 2810 1032 2890 panis
1079 2819 1149 2871 et
1199 2805 1534 2872 vinumst)
1627 2808 1739 2871 Ex
1788 2808 1895 2871 his
1941 2809 2175 2890 paucis
2214 2819 2533 2871 constare
2580 2816 2838 2890 potest.

589 2904 806 2986 qualis
843 2915 950 2967 est
989 2904 1616 2984 correspondentia.

1389 3098 1466 3153 (ικ
1493 3108 1693 3141 ancum
1714 3100 2047 3153 mmm.)

697 3200 802 3269 (m)
845 3196 1022 3285 Quod
1049 3202 1262 3285 hortus
1287 3210 1356 3285 et
1379 3200 1689 3271 paradisus
1714 3217 1789 3256 ex
1818 3201 2355 3273 correspondentia
2378 3200 2721 3274 significent
2750 3200 2845 3257 in-

589 3272 714 3326 telli
798 3280 982 3325 ntnam
1011 3283 1074 3327 et
1097 3284 1456 3343 sapientiam
1487 3274 1570 3341 (n.
1605 3287 1721 3335 ιοο,
1756 3272 1911 3342 108);
1948 3275 2023 3327 ab
2044 3276 2409 3345 experientia
2442 3276 2521 3345 (n.
2588 3274 2735 3342 220).

757 3345 876 3397 uod
915 3342 1120 3398 omnia
1211 3360 1323 3399 uae
1370 3344 1863 3414 correspondent,
1914 3346 2095 3399 etiam
2128 3346 2341 3399 eadem
2386 3344 2543 3416 signi
2587 3352 2731 3400 cent
2778 3342 2839 3399 in

587 3410 792 3469 Verbo
822 3416 902 3483 (n.
931 3413 1122 3483 2890[?
1144 3429 1175 3468 2
1213 3413 1324 3485 96],
1353 3414 1509 3483 2987,
1538 3415 1692 3483 2989.
1724 3427 1878 3483 2990,
1907 3414 2099 3485 2971[?
2121 3416 2301 3486 29911·
2328 3429 2484 3486 3002,
2513 3418 2696 3487 3225).

698 3524 784 3594 (n)
885 3526 1008 3579 uod
1033 3526 1277 3581 arbores
1296 3525 1640 3596 significent
1667 3526 2084 3597 perceptiones
2107 3537 2169 3582 et
2194 3528 2577 3599 cognitiones
2608 3530 2689 3597 (n.
2724 3542 2837 3599 ¹03·

589 3596 746 3665 2163.
777 3610 806 3649 2
885 3612 930 3657 2,
961 3609 1115 3662 2722,
1143 3611 1298 3665 2972,
1329 3598 1512 3665 7692).

695 3664 875 3739 Quod
905 3668 1042 3721 ideo
1067 3668 1299 3738 antiqui
1331 3668 1616 3722 Divinum
1637 3667 1867 3722 cultum
1897 3666 1954 3723 in
1976 3668 2127 3723 lucis
2152 3671 2263 3724 sub
2287 3670 2599 3724 arboribus
2626 3686 2838 3725 secun-

586 3738 730 3793 dum
759 3754 962 3793 earum
990 3739 1556 3811 correspondentias
1583 3738 1906 3794 habuerint
1934 3743 2015 3809 (n.
2044 3754 2199 3805 2722,
2225 3742 2411 3810 4552).

697 3810 788 3863 De
821 3808 1048 3863 influxu
1080 3810 1231 3865 caeli
1283 3812 1344 3864 in
1381 3807 1651 3881 subjecta
1681 3811 1853 3880 regni
1884 3811 2253 3882 vegetabilis
2286 3823 2355 3866 ut
2392 3812 2455 3865 in
2494 3812 2740 3867 arbores
2774 3820 2837 3867 et

587 3881 826 3951 plantas
857 3884 936 3947 (n.
959 3880 1141 3951 3648).

694 3994 770 4063 (0)
813 3990 993 4065 Quod
1025 3994 1144 4049 cibi
1175 4010 1249 4049 ex
1279 3996 1815 4065 correspondentia
1838 3995 2180 4067 significent
2204 3996 2348 4050 talia
2378 4011 2535 4067 quae
2562 3994 2836 4049 nutriunt

584 4064 772 4119 vitam
825 4064 1192 4135 spiritualem
1248 4067 1330 4134 (n.
1369 4080 1430 4135 31
1447 4080 1526 4133 ¹4.
1564 4082 1666 4136 445
1710 4110 1722 4129 ‚
1748 4081 1909 4137 4792,
1938 4068 2102 4137 4976,
2133 4080 2285 4137 5147,
2318 4080 2471 4135 5293,
2502 4081 2655 4137 5340.
2682 4078 2834 4137 5342.

590 4148 743 4229 5419.
775 4136 928 4205 5426·
959 4136 1112 4205 5576.
1144 4137 1296 4206 5582.
1327 4137 1474 4207 5588.
1511 4138 1674 4209 5656[
1738 4138 1911 4209 56551.
1944 4152 2095 4208 5915.
2122 4140 2279 4206 6277·
2306 4138 2463 4208 8562.
2490 4138 2675 4207 9003)-

693 4248 793 4316 (p)
897 4247 1017 4302 uod
1046 4249 1218 4332 panis
1237 4248 1538 4321 significet
1563 4266 1745 4305 omne
1771 4250 2001 4305 bonum
2028 4250 2191 4321 quod
2221 4251 2413 4304 nutrit
2436 4250 2627 4304 vitam
2652 4248 2828 4320 spiri-

583 4316 810 4373 tualem
883 4320 1104 4375 ominis
1132 4320 1213 4381 (n.
1241 4322 1396 4389 2165,
1421 4332 1576 4389 2177,
1597 4320 1754 4391 3478,
1776 4332 1933 4391 3735,
1953 4320 2108 4390 3813,
2127 4336 2229 4388 421
2246 4336 2288 4386 1,
2314 4334 2473 4388 4217,
2494 4332 2653 4390 4735.
2671 4318 2832 4390 4976.

585 4400 690 4457 9³2
731 4391 1181 4475 ‚954s.,¹0‚686),·

753 4461 872 4515 uod
900 4463 1096 4517 simile
1121 4460 1591 4601 significaverint
1617 4479 1820 4535 panes.
1846 4462 1950 4535 qui
1974 4479 2161 4535 super
2192 4462 2403 4519 Mensa
2430 4464 2491 4519 in
2520 4462 2829 4521 Tabenn-

583 4530 725 4585 cu¹0
760 4532 841 4599 (n-
875 4532 1031 4599 3478.
1051 4546 1194 4601 9545

695 4598 876 4673 Quod
903 4603 1194 4659 sacrificia
1219 4604 1278 4659 in
1297 4620 1517 4678 genere
1543 4602 1707 4660 dista
1732 4604 1955 4661 fuerint
1981 4605 2153 4677 panis
2182 4607 2261 4674 (n.
2292 4606 2475 4676 2165).
