3371 5304
801 685 906 737 DE
941 684 1294 738 SECUNDO
1329 685 1575 740 STATU
1613 687 1943 740 HOMINIS
1980 689 2163 742 Pos‘r
2202 689 2552 744 MORTEM.
2709 693 2829 762 323

587 855 820 920 omnia
853 855 1192 920 ecclesiae
1237 867 1312 922 et
1357 856 1555 934 caeli,
1594 858 1695 923 illi
1732 858 2143 925 consociant
2186 881 2263 926 se
2309 879 2463 926 cum
2504 860 2835 926 similibus

585 951 652 1014 in
691 949 822 1014 hoc
859 961 1076 1027 statu,
1109 962 1183 1016 et
1213 963 1472 1018 vocant
1499 973 1979 1040 quemcunque
2016 955 2262 1033 Deum,
2296 957 2411 1040 qui
2442 956 2835 1039 praepollet

585 1047 866 1123 astutia,
905 1048 1145 1113 colunt
1179 1051 1391 1114 etiam
1430 1045 1638 1114 1¹¹eum
1675 1049 1940 1116 honore
1978 1051 2253 1116 Divino.
2343 1051 2509 1116 Vidi
2548 1053 2727 1118 tales
2762 1053 2835 1116 in

583 1153 936 1207 conventu
988 1144 1364 1210 adorantes
1417 1163 1721 1228 magum,
1756 1156 1829 1212 et
1884 1146 2367 1212 consultantes
2420 1148 2506 1212 de
2560 1158 2831 1223 natura,

584 1246 656 1300 et
700 1257 776 1302 se
821 1237 1007 1303 fatue
1051 1251 1402 1322 gerentes,
1449 1242 1630 1306 sicut
1674 1242 1903 1308 forent
1947 1243 2213 1310 bestiae
2264 1243 2391 1308 sub
2440 1243 2657 1308 forma
2703 1243 2833 1308 hu-

587 1349 831 1410 mana;
888 1332 1264 1398 interillos
1299 1335 1510 1398 etiam
1539 1343 1737 1398 erant
1783 1333 1897 1416 qui
1940 1333 2012 1398 in
2064 1335 2327 1397 mundo
2368 1336 2437 1400 in
2483 1337 2833 1418 dignitate

587 1427 952 1491 constituti
987 1426 1276 1502 suerunt,
1311 1437 1384 1492 et
1419 1427 1697 1510 quidam
1730 1428 1845 1509 qui
1874 1428 1943 1490 in
1976 1427 2235 1492 mundo
2264 1429 2511 1493 crediti
2540 1430 2727 1496 docti
2758 1439 2833 1498 et

589 1523 955 1603 sapientes.
1044 1520 1188 1585 Alii
1227 1521 1448 1586 aliter.
1539 1520 1653 1585 Ex
1714 1521 1821 1585 his
1881 1522 2117 1603 paucis
2184 1523 2507 1588 concludi
2565 1534 2831 1607 potest,

587 1615 822 1699 quales
854 1624 1013 1680 sunt
1051 1635 1338 1700 quorum
1367 1618 1695 1682 interiora
1725 1637 1899 1700 quae
1932 1617 2185 1681 mentis
2216 1616 2451 1682 clausa
2484 1628 2643 1684 sunt
2676 1641 2831 1685 ver-

588 1731 702 1774 sus
739 1711 1028 1788 caelum,
1070 1723 1144 1776 ut
1191 1720 1352 1776 sunt
1399 1713 1580 1796 apud
1617 1729 1863 1777 omnes
1908 1713 2021 1796 qui
2070 1731 2208 1776 non
2246 1724 2657 1795 receperunt
2702 1714 2829 1778 ali-

588 1825 789 1890 quem
821 1806 1150 1871 influxum
1181 1828 1220 1870 e
1250 1806 1446 1871 caelo
1478 1827 1600 1889 per
1621 1808 2051 1890 agnitionem
2078 1807 2328 1882 Divini,
2356 1829 2436 1872 ac
2470 1829 2591 1891 per
2613 1811 2829 1876 vitam

587 1901 762 1966 fidei.
853 1898 1158 1984 Quisque
1183 1901 1488 1983 judicare
1525 1910 1761 1985 potest
1800 1921 1893 1966 ex
1929 1921 2023 1977 se,
2058 1902 2279 1984 qualis
2315 1901 2515 1980 foret,
2550 1905 2605 1968 si
2644 1905 2825 1980 talis,

588 2000 642 2060 si
668 2017 876 2080 agere
911 1997 974 2060 ei
1013 1997 1254 2061 liceret
1289 1997 1551 2079 absque
1588 1999 1836 2062 timore
1874 1996 2050 2079 legis
2088 2008 2161 2063 et
2199 1999 2409 2073 vitae,
2450 2008 2524 2064 et
2568 2000 2827 2083 absque

583 2093 873 2156 vinculis
919 2093 1252 2166 externis,
1301 2111 1478 2175 quae
1523 2102 1684 2157 sunt
1732 2093 2041 2168 timores,
2088 2111 2175 2156 ne
2237 2091 2555 2158 laedatur
2596 2095 2825 2177 quoad

586 2189 858 2262 famam,
891 2207 972 2252 ac
1003 2207 1088 2251 ne
1127 2189 1430 2270 privetur
1463 2185 1751 2262 honore,
1786 2187 1999 2263 lucro,
2032 2195 2105 2250 et
2138 2187 2615 2269 voluptatibus
2646 2190 2828 2256 inde.

587 2283 724 2350 Sed
769 2299 982 2367 usque
1028 2292 1388 2346 coercetur
1422 2282 1689 2346 insania
1725 2281 1997 2346 illorum
2064 2302 2107 2346 a
2164 2282 2489 2360 Domino,
2528 2304 2617 2348 ne
2672 2294 2829 2349 ruat

586 2377 770 2446 ultra
807 2379 1063 2443 limites
1109 2397 1288 2452 usus,
1327 2395 1488 2440 nam
1533 2377 1624 2440 ab
1667 2377 2057 2460 unoquovis
2090 2376 2219 2441 tali
2264 2398 2477 2461 usque
2524 2378 2603 2444 fit
2646 2399 2828 2444 usus.

586 2473 762 2538 Boni
807 2474 1086 2555 spiritus
1131 2473 1198 2536 in
1244 2471 1381 2535 illis
1423 2471 1664 2536 vident
1710 2472 1871 2555 quid
1918 2471 2199 2549 malum,
2246 2482 2321 2536 et
2364 2474 2569 2557 quale
2612 2475 2704 2552 id,
2754 2481 2828 2539 et

587 2569 802 2652 qualis
849 2567 1058 2632 homo
1112 2568 1168 2630 si
1214 2587 1350 2630 non
1407 2567 1680 2630 ducitur
1723 2586 1766 2631 a
1810 2566 2152 2630 Domino:
2220 2587 2379 2632 usus
2432 2571 2645 2632 etiam
2693 2579 2826 2646 est,

585 2665 768 2748 quod
814 2683 936 2747 per
979 2664 1138 2727 illos
1182 2661 1597 2744 colligantur
1644 2662 1809 2725 mali
1853 2661 2135 2739 similes,
2182 2682 2263 2726 ac
2324 2675 2728 2747 separentur
2787 2686 2829 2729 a

585 2761 826 2839 bonis3
892 2766 1036 2822 tum
1086 2757 1271 2842 quod
1329 2778 1490 2821 vera
1547 2766 1620 2823 et
1683 2758 1890 2833 bona,
1930 2778 2105 2840 quae
2165 2758 2329 2823 mali
2384 2760 2453 2823 in
2512 2762 2829 2825 externis

585 2854 1059 2938 praetulerunt
1105 2870 1186 2917 ac
1231 2854 1510 2917 mentiti
1545 2861 1730 2928 sunt,
1770 2852 1906 2917 illis
1950 2852 2363 2929 auferantur,
2404 2874 2483 2919 ac
2528 2856 2597 2919 in
2644 2856 2829 2921 mala

586 2971 750 3015 suae
785 2952 974 3016 vitae
1009 2959 1082 3015 et
1127 2950 1198 3013 in
1233 2948 1410 3013 salsa
1443 2949 1606 3014 mali
1643 2948 2041 3023 inferantur,
2082 2958 2155 3014 et
2196 2951 2293 3013 sic
2334 2962 2829 3033 praeparentur

585 3047 672 3111 ad
734 3045 1109 3110 infernum:
1180 3063 1339 3107 nam
1399 3063 1539 3107 non
1577 3044 1765 3125 prius
1808 3043 2053 3126 aliquis
2108 3044 2179 3109 in
2237 3044 2572 3109 infernum
2610 3048 2825 3129 venit,

585 3159 789 3225 quam
822 3158 976 3204 cum
1016 3140 1081 3203 in
1117 3139 1302 3201 malo
1331 3159 1458 3203 suo
1488 3158 1568 3203 ac
1606 3140 1674 3203 in
1714 3137 1901 3203 falsis
1932 3138 2095 3202 mali
2128 3148 2235 3203 est
2265 3160 2282 3217 ;
2328 3141 2651 3222 quoniam
2686 3160 2827 3206 non

584 3234 748 3303 licet
785 3234 984 3299 alicui
1023 3234 1112 3297 ibi
1149 3234 1440 3297 divisam
1473 3244 1783 3298 mentem
1812 3232 2089 3310 habere,
2126 3252 2377 3317 nempe
2412 3234 2595 3299 aliud
2633 3238 2827 3318 cogi·

585 3340 732 3395 tare
770 3338 840 3395 et
882 3329 1066 3411 loqui
1111 3338 1186 3393 et
1231 3328 1414 3391 aliud
1453 3326 1673 3404 velle3
1740 3328 2025 3411 quisque
2060 3328 2281 3393 malus
2316 3329 2409 3393 ibi
2452 3327 2697 3393 salsum
2734 3330 2827 3395 ibi

585 3446 678 3492 ex
715 3426 902 3490 malo
925 3424 1288 3505 cogitabit,
1321 3433 1394 3487 et
1431 3442 1526 3487 ex
1559 3422 1737 3486 falso
1768 3422 1934 3487 mali
1970 3421 2303 3506 loquetur,
2340 3432 2700 3505 utrumque
2732 3445 2825 3489 ex

586 3522 974 3595 voluntate,
1023 3520 1122 3582 ita
1167 3538 1259 3582 ex
1305 3537 1432 3581 suo
1477 3518 1756 3601 proprio
1799 3535 2057 3593 amore,
2106 3525 2179 3581 et
2224 3516 2367 3598 ejus
2406 3516 2711 3598 jucundo
2752 3526 2827 3585 et

585 3615 838 3697 volupi,
879 3612 1458 3697 quemadmodum
1496 3613 1564 3677 in
1603 3610 1883 3688 mundo,
1923 3630 2079 3675 cum
2117 3612 2185 3675 in
2224 3632 2351 3675 suo
2386 3613 2649 3694 spiritu,
2690 3612 2823 3678 hoe

584 3721 716 3786 est,
745 3708 1321 3794 quemadmodum
1353 3708 1422 3771 in
1453 3726 1528 3771 se
1560 3706 1722 3769 dum
1748 3726 1838 3769 ex
1870 3707 2195 3770 interiore
2226 3705 2606 3783 affectione,
2633 3710 2824 3791 cogi·

585 3808 783 3871 tavit.
874 3803 1100 3869 Causa
1157 3814 1290 3879 est,
1331 3804 1490 3886 quia
1533 3801 1861 3866 voluntas
1909 3810 2017 3867 est
2076 3803 2222 3884 ipse
2268 3802 2501 3877 homo,
2548 3813 2621 3867 et
2682 3820 2824 3868 non

585 3901 924 3983 cogitatio
961 3899 1087 3963 nisi
1120 3908 1450 3982 quantum
1489 3918 1530 3961 a
1565 3898 1932 3961 voluntate
1964 3897 2201 3972 trahit,
2237 3916 2317 3961 ac
2356 3898 2679 3961 voluntas
2714 3906 2825 3963 est

583 3996 730 4078 ipsa
757 4007 999 4059 natura
1023 4014 1144 4057 seu
1169 3992 1435 4057 indoles
1453 3992 1791 4070 hominis3
1837 4012 2047 4075 quare
2075 3993 2145 4055 in
2171 3991 2604 4056 voluntatem
2630 4012 2823 4057 suam

583 4091 847 4155 remitti
891 4100 1000 4153 est
1047 4090 1113 4152 in
1161 4106 1352 4151 suam
1400 4097 1718 4151 naturam
1764 4106 1885 4150 seu
1929 4086 2259 4161 indolem,
2306 4096 2379 4151 et
2440 4106 2710 4170 quoque
2754 4089 2823 4151 in

584 4204 778 4249 suam
837 4186 1075 4258 vitam,
1125 4200 1284 4247 nam
1342 4183 1554 4245 homo
1607 4201 1729 4264 per
1765 4182 1982 4245 vitam
2040 4181 2266 4246 induit
2326 4190 2687 4259 naturam3
2750 4191 2824 4246 et

583 4280 793 4343 homo
830 4290 988 4363 post
1027 4288 1320 4341 mortem
1358 4285 1618 4351 manet,
1657 4275 1933 4359 qualem
1970 4276 2099 4339 sibi
2130 4274 2504 4339 mnaturam
2541 4292 2823 4356 compa·

581 4376 761 4439 ravit
801 4394 922 4457 per
957 4375 1176 4436 vitam
1223 4374 1290 4436 in
1337 4372 1614 4446 mundo,
1655 4390 1833 4453 quae
1869 4371 2051 4452 apud
2089 4368 2311 4433 malos
2356 4390 2493 4436 non
2532 4370 2824 4453 amplius

583 4478 818 4551 potest
857 4488 981 4550 per
1013 4468 1196 4531 viam
1229 4466 1674 4549 cogitationis
1712 4486 1835 4531 seu
1870 4462 2266 4530 intellectus
2296 4466 2437 4531 veri
2472 4464 2825 4529 emendari

582 4572 654 4628 et
695 4573 961 4742 'gusgi-
979 4656 1149 4722 Mali
1179 4659 1477 4741 spiritus,
1505 4656 1783 4741 quando
1812 4658 1879 4721 in
1912 4657 2217 4722 secundo
2247 4656 2380 4721 hoc
2414 4663 2603 4720 statu
2637 4664 2821 4730 sunt,
