3371 5304
591 612 717 690 326
1135 647 1138 650 ·
1235 627 1338 684 DE
1383 625 1638 680 cAnLo
1681 627 1782 680 m·
1827 629 2195 682 mimano.

583 790 840 860 fafitum
873 803 1004 870 est,
1039 802 1203 860 tunc
1235 816 1332 860 ex
1363 817 1597 862 amore
1627 797 1751 864 illo
1780 798 2035 866 voiunt·
2056 811 2129 866 et
2160 801 2521 884 cogitant3
2567 812 2641 870 et
2674 805 2829 888 qnia

583 909 780 954 amor
822 890 940 954 ille
994 900 1107 955 est
1151 891 1522 967 infernalis,
1557 911 1697 959 non
1744 893 1987 958 volunt
2027 896 2155 958 nisi
2194 915 2397 978 quam
2433 895 2713 974 malum.
2756 909 2831 966 et

583 1004 725 1050 non
759 986 1072 1066 cogitant
1104 985 1235 1056 nisi
1271 1005 1476 1069 quam
1505 987 1795 1066 falsum3
1842 989 2012 1055 haec
2044 989 2347 1071 jucunda
2374 1011 2611 1056 eorum
2642 1005 2826 1070 sunt,

583 1081 741 1162 quia
771 1089 931 1144 sunt
963 1081 1216 1146 amoris
1243 1100 1522 1146 eorum:
1569 1101 1649 1146 ac
1681 1083 1847 1149 -inde
1874 1083 2191 1165 rejiciunt
2221 1103 2428 1149 omne
2461 1086 2714 1152 bonum
2754 1100 2827 1157 et

581 1193 838 1250 verum,
873 1195 1049 1258 quae
1087 1177 1274 1258 prius
1309 1177 1843 1258 adoptaverunt,
1884 1179 2041 1260 quia
2074 1179 2573 1246 inserviverant
2610 1184 2825 1247 amori

581 1287 707 1330 suo
743 1286 869 1350 pro
905 1270 1172 1334 mediis
1261 1269 1366 1332 At
1403 1270 1566 1333 boni
1603 1272 2072 1352 perducuntur
2106 1293 2150 1336 a
2187 1284 2377 1340 statu
2414 1277 2722 1340 secundo
2756 1277 2824 1347 in

582 1364 888 1438 tertium,
927 1366 1041 1447 qui
1087 1373 1318 1428 status
1363 1375 1474 1430 est
1520 1367 2067 1448 praeparationis
2104 1367 2375 1438 illorum
2422 1370 2511 1432 ad
2553 1371 2824 1436 caelum

581 1477 704 1539 per
737 1457 1306 1523 instructionem:
1355 1479 1562 1524 nemo
1596 1461 1783 1523 enim
1820 1463 2210 1543 praeparari
2248 1472 2485 1545 potest
2530 1465 2619 1528 ad
2662 1485 2823 1530 cae-

579 1551 746 1626 lum,
781 1554 908 1616 nisi
939 1573 1144 1637 quam
1182 1573 1304 1636 per
1333 1555 1775 1635 cognitiones
1805 1555 1969 1618 boni
2006 1565 2079 1618 et
2116 1557 2287 1634 veri,
2317 1558 2417 1620 ita
2452 1559 2581 1620 nisi
2620 1577 2819 1640 quam

579 1668 704 1730 per
747 1647 1312 1726 instruGtionem3
1381 1645 1562 1712 nam'
1591 1669 1798 1714 nemo
1852 1652 2027 1715 scire
2072 1659 2313 1734 potest
2356 1653 2521 1735 quid
2567 1653 2821 1719 bonum

577 1751 653 1806 et
699 1763 932 1806 verum
979 1744 1354 1826 spirituale,
1395 1753 1467 1808 et
1513 1745 1675 1828 quid
1722 1744 1978 1810 malum
2026 1755 2099 1810 et
2150 1745 2416 1822 falsum,
2464 1765 2639 1829 quae
2685 1746 2821 1810 inis

558 1840 900 1928 'oppos-ita
963 1851 1144 1915 sunt,
1201 1839 1328 1902 nisi
1393 1840 1790 1903 instruatur.
1893 1837 2075 1920 Quid
2134 1840 2391 1906 bonum
2448 1851 2526 1904 et
2584 1861 2819 1906 verum

574 1932 780 1998 civile
817 1944 890 1998 et
937 1933 1221 2008 morale,
1261 1955 1434 2018 quae
1467 1933 1726 2015 justum
1770 1945 1845 1998 et
1892 1936 2233 1998 sincerum
2272 1945 2630 2010 vocantur,
2664 1937 2819 2000 sciri

577 2037 816 2110 potest
863 2029 931 2092 in
979 2029 1256 2104 mundo,
1299 2030 1456 2110 quia
1494 2030 1586 2093 ibi
1623 2038 1783 2093 sunt
1822 2029 2015 2110 leges
2052 2030 2309 2104 civileS,
2348 2051 2525 2112 quae
2560 2031 2819 2094 docent

575 2124 738 2206 quid
769 2122 1050 2204 justum,
1085 2133 1158 2188 et
1191 2144 1458 2206 quoque
1497 2125 1867 2200 consortia,
1902 2143 2057 2186 cum
2091 2125 2336 2207 quibus
2370 2124 2583 2188 homo
2609 2127 2815 2189 discit

574 2217 806 2282 vivere
849 2220 1228 2282 secundum
1276 2218 1470 2300 leges
1515 2217 1835 2294 morales»,
1872 2239 2051 2301 quae
2087 2239 2330 2284 omnes
2389 2239 2465 2284 se
2516 2220 2817 2286 referunt

571 2312 662 2378 ad
693 2313 1034 2378 sincerum
1063 2324 1138 2378 et
1171 2311 1428 2377 reEtum
1455 2333 1471 2375 :
1519 2321 1592 2376 at
1621 2313 1877 2378 bonum
1908 2322 1983 2377 et
2012 2333 2247 2377 verum
2274 2314 2649 2397 spirituale,
2676 2333 2813 2382 non

573 2408 928 2472 discuntur
963 2429 1001 2472 e
1038 2408 1298 2472 mundo
1333 2408 1457 2472 sed
1495 2429 1534 2472 e
1571 2407 1789 2476 caelo.
1873 2406 2047 2472 Sciri
2084 2410 2357 2491 quidem
2398 2419 2689 2490 possunt
2722 2430 2813 2474 ex

571 2499 832 2576 verbo,
858 2513 930 2567 et
963 2525 1053 2568 ex
1085 2501 1398 2568 defitrina
1423 2501 1761 2567 ecclesiae
1786 2523 1960 2585 quae
1986 2523 2085 2566 ex
2120 2503 2399 2581 Verbo;
2446 2505 2568 2566 sed
2603 2523 2813 2586 usque

569 2615 712 2665 non
751 2597 1029 2663 influere
1067 2607 1358 2681 possunt
1401 2599 1468 2661 in
1515 2599 1759 2673 vitam,
1796 2598 1925 2661 nisi
1968 2597 2181 2663 horno
2218 2599 2442 2680 quoad
2480 2599 2815 2663 interiora

571 2712 745 2774 quae
773 2694 1024 2757 mentis
1056 2714 1216 2757 suae
1247 2702 1432 2769 sunt,
1467 2694 1556 2756 sit
1586 2694 1658 2755 in
1692 2692 1929 2771 caelo;
1976 2704 2047 2757 et
2081 2703 2245 2760 tunc
2275 2692 2489 2761 homo
2518 2695 2585 2757 in
2616 2694 2813 2760 caelo

569 2796 698 2863 est,
747 2789 1022 2871 quando
1069 2788 1388 2870 agnoscit
1437 2788 1782 2862 Divinum,
1828 2797 1903 2851 et
1948 2786 2150 2851 simul
2190 2787 2371 2869 juste
2424 2798 2497 2852 et
2548 2790 2811 2856 sincere

567 2886 740 2965 agit,
781 2885 1102 2967 quoniam
1163 2885 1265 2947 ita
1321 2883 1670 2965 agendum
1710 2892 1819 2950 est
1878 2884 2037 2964 quia
2090 2893 2535 2965 praeceptum
2572 2892 2683 2947 est
2738 2884 2809 2949 in

570 2978 846 3057 Verb03
895 2980 989 3042 sic
1021 2976 1206 3059 juste
1245 2988 1317 3042 et
1354 2979 1616 3043 sincere
1655 2978 1829 3041 vivit
1866 2987 2151 3060 propter
2182 2977 2527 3052 Divinum,
2560 2987 2635 3041 et
2668 2996 2809 3051 non

568 3086 851 3157 propter
888 3084 1108 3138 semet
1148 3084 1219 3137 et
1258 3074 1610 3147 mundum,
1651 3082 1726 3137 ut
1766 3072 1955 3137 fines,
2044 3070 2181 3137 Sed
2220 3073 2320 3136 ita
2356 3092 2561 3154 agere
2601 3093 2806 3136 nemo

569 3179 827 3251 potest,
863 3170 990 3232 nisi
1037 3170 1216 3249 prius
1253 3164 1626 3232 instructus
1663 3169 1797 3243 sit;
1861 3178 1958 3241 ut,
1997 3167 2181 3249 quod
2232 3166 2417 3231 Deus
2456 3168 2570 3241 sit,
2612 3170 2797 3250 quod

568 3263 834 3327 caelum
903 3274 974 3327 et
1041 3262 1376 3327 infernum
1435 3264 1597 3338 sint,
1654 3260 1837 3345 quod
1896 3263 2043 3326 vita
2107 3272 2269 3345 post
2336 3272 2632 3325 mortem
2691 3263 2803 3337 sit,

565 3358 750 3440 quod
800 3357 987 3421 Deus
1033 3378 1237 3439 supra
1283 3358 1513 3420 omnia
1559 3354 1895 3419 amandus
1940 3358 2055 3431 sit,
2104 3366 2176 3419 et
2223 3357 2405 3439 quod
2453 3357 2808 3438 proximus

565 3454 740 3517 sicut
773 3453 938 3535 ipse,
975 3462 1045 3516 et
1077 3453 1260 3535 quod
1292 3452 1637 3518 credenda
1665 3452 1808 3517 sint
1841 3472 2014 3534 quae
2047 3452 2115 3513 in
2147 3450 2406 3525 V'erb0,
2442 3452 2595 3533 quia
2627 3449 2805 3515 Ver-

563 3549 724 3611 bum
758 3559 864 3613 est
899 3548 1240 3611 Divinum.
1330 3547 1616 3629 Absque
1643 3548 2044 3629 cognitione
2077 3554 2147 3610 et
2176 3546 2529 3627 agnitione
2561 3544 2803 3609 horum

563 3644 775 3710 homo
811 3663 951 3707 non
989 3652 1225 3727 potest
1255 3641 1704 3725 spiritualiter
1736 3643 2089 3723 cogitare;
2132 3650 2206 3703 et
2243 3640 2503 3723 absque
2531 3642 2803 3721 cogitas-

563 3740 755 3805 tione
791 3739 882 3803 de
917 3738 1052 3803 illis
1090 3756 1228 3803 non
1267 3737 1414 3801 vult
1453 3738 1594 3813 illa,
1633 3756 1795 3801 nam
1834 3756 2011 3819 quae
2045 3735 2255 3801 homo
2286 3754 2433 3799 non
2470 3736 2621 3811 scit,
2663 3754 2801 3797 non

562 3835 873 3914 cogitare
929 3840 1189 3916 potest,
1239 3840 1307 3895 et
1364 3850 1539 3914 quae
1597 3849 1737 3894 non
1783 3831 2055 3911 cogitat
2118 3848 2259 3893 non
2314 3828 2496 3893 veile
2538 3838 2799 3909 potest.

561 3927 735 3993 Cum
773 3928 1006 4011 itaque
1051 3928 1263 3991 homo
1307 3926 1458 3989 vult
1505 3925 1648 4001 illa,
1690 3934 1853 3988 tunc
1900 3922 2119 3988 influit
2157 3924 2448 3998 caelum,
2487 3922 2620 3987 hoc
2666 3932 2800 3998 est,

559 4044 683 4106 per
727 4023 994 4087 caelum
1049 4022 1384 4087 Dominus
1444 4022 1512 4085 in
1571 4022 1788 4085 vitam
1834 4018 2169 4099 hominis;
2234 4038 2395 4083 nam
2454 4016 2673 4090 influit
2732 4018 2801 4081 in

560 4120 1021 4193 voluntatem,
1049 4127 1120 4181 et
1153 4138 1272 4201 per
1301 4117 1491 4180 illam
1523 4118 1592 4179 in
1626 4116 2153 4197 cogitationem,
2179 4133 2259 4177 ac
2292 4132 2413 4195 per
2442 4123 2803 4195 utramque

559 4216 628 4279 in
653 4215 868 4279 vitam
903 4234 919 4292 ;
969 4232 1128 4277 nam
1153 4214 1376 4277 omnis
1401 4212 1546 4277 vita
1569 4211 1863 4275 hominis
1888 4220 2000 4275 est
2031 4210 2222 4275 inde..
2298 4208 2415 4273 Ex
2450 4208 2557 4273 his
2580 4218 2799 4291 pauet,

557 4310 744 4393 quod
787 4311 1044 4374 bonum
1093 4319 1167 4372 et
1203 4324 1440 4373 verum
1485 4306 1841 4389 spirituale
1888 4324 2025 4369 non
2062 4305 2419 4369 discantur
2460 4322 2501 4367 e
2546 4302 2801 4367 mundo

557 4406 681 4470 sed
711 4426 753 4470 e
784 4406 1000 4479 caelo,
1027 4414 1100 4467 et
1133 4404 1316 4489 quod
1347 4402 1574 4467 nullus
1595 4402 1984 4485 praeparari
2009 4400 2225 4483 possit
2257 4398 2345 4461 ad
2376 4396 2647 4463 caelum
2672 4397 2799 4462 nisi

559 4500 788 4565 media
831 4496 1304 4563 instructione.
1397 4495 1753 4577 Quantum
1798 4495 2009 4559 etiam
2056 4492 2394 4557 Dominus
2440 4490 2663 4558 influit
2726 4491 2799 4553 in

558 4598 776 4661 vitam
813 4594 1114 4675 alicujus,
1149 4602 1422 4657 tantum
1454 4592 1729 4657 instruit
1764 4589 1959 4661 illum
1988 4610 2003 4667 3
2052 4606 2211 4656 nam
2242 4582 2797 4653 tantumaccen-
