3371 5304
1165 651 1270 705 Dr.
1305 651 1747 705 scmpwms
1791 651 1877 703 m
1920 648 2194 704 cAELo.
2690 653 2807 718 147

1524 1029 1855 1118 [xxm]

1142 1217 1262 1283 DE
1306 1216 1759 1283 Semprums
1803 1230 1889 1283 m
1934 1215 2219 1283 CAELo.

682 1399 880 1487 258.
937 1399 1118 1484 Quia
1162 1401 1430 1485 angelis
1475 1409 1584 1466 est
1632 1399 1929 1484 loquela,
1978 1410 2048 1465 et
2100 1400 2371 1484 loquela
2416 1421 2650 1466 eorum
2697 1409 2803 1466 est

555 1495 830 1580 loquela
874 1517 1144 1570 vocum,
1193 1498 1348 1561 ideo
1391 1495 1525 1561 illis
1570 1517 1839 1580 quoque
1892 1497 2268 1580 scripturae
2315 1508 2515 1574 sunt;
2567 1506 2639 1560 et
2685 1517 2799 1580 per

555 1593 927 1674 scripturas
964 1593 1365 1674 exprimunt
1401 1592 1609 1656 animi
1646 1592 1747 1655 sui
1786 1611 1989 1654 sensa
2025 1612 2242 1674 aeque
2280 1612 2358 1655 ac
2407 1611 2529 1673 per
2564 1591 2799 1674 loque-

557 1687 716 1751 lam.
797 1685 1192 1770 Aliquoties
1215 1687 1378 1751 mihi
1403 1687 1651 1750 missae
1671 1696 1834 1750 sunt
1854 1686 2136 1750 chartae
2157 1696 2487 1751 exaratae
2513 1687 2803 1768 scriptu-

557 1783 666 1858 πίε,
715 1802 992 1865 prorsus
1038 1782 1220 1845 sicut
1262 1781 1545 1846 chartae
1591 1800 1798 1845 manu
1845 1781 2146 1863 scriptae
2190 1791 2263 1845 et
2309 1802 2578 1864 quoque
2623 1782 2801 1845 sicut

555 1879 738 1958 typis
757 1875 1083 1959 vulgatae
1116 1877 1183 1939 in
1218 1876 1476 1940 mundo
1503 1897 1520 1956 3
1568 1877 1773 1940 etiam
1806 1875 1960 1940 illas
1992 1875 2225 1958 legere
2255 1877 2447 1958 potui
2468 1875 2800 1950 similiter,

555 1972 675 2034 sed
735 1991 873 2035 non
931 1971 1120 2036 licuit
1167 1971 1361 2055 plura
1407 1972 1567 2036 inde
1613 1971 1882 2035 haurire
1926 1991 2131 2054 quam
2177 1992 2382 2036 unum
2420 1970 2803 2035 alterumve

556 2086 874 2145 sensum;
942 2088 1147 2131 causa
1195 2077 1363 2143 erat,
1412 2069 1569 2150 quia
1615 2087 1755 2131 non
1817 2089 1909 2130 ex
1950 2067 2203 2130 Divino
2250 2067 2487 2130 ordine
2533 2075 2639 2130 est
2683 2085 2803 2147 per

555 2163 810 2245 scripta
848 2163 1094 2227 erudiri
1131 2184 1168 2226 e
1206 2162 1424 2239 cae10,
1465 2163 1588 2226 sed
1626 2182 1749 2244 per
1784 2161 2114 2238 Verbum,
2155 2163 2474 2245 quoniam
2511 2181 2632 2244 per
2667 2161 2799 2225 hoc

555 2257 776 2320 solum
822 2267 931 2322 est·
975 2259 1510 2322 communicatio
1554 2268 1627 2322 et
1673 2255 2065 2339 conjunctio
2101 2256 2274 2321 caeli
2319 2276 2472 2321 cum
2521 2257 2798 2331 mundo,

555 2353 652 2417 ita
690 2353 969 2416 Domini
1006 2372 1161 2417 cum
1197 2353 1494 2416 homine.
1587 2351 1793 2435 Quod
1832 2352 2109 2417 chartae
2155 2353 2224 2417 in
2272 2352 2467 2416 caelo
2504 2354 2801 2436 scriptae

555 2448 764 2511 etiam
796 2449 1234 2530 apparuerint
1272 2446 1649 2531 prophetiS,
1685 2457 1966 2511 constat
1998 2448 2178 2529 apud
2210 2445 2615 2510 Ezechielem
2642 2469 2669 2509 .·

655 2581 838 2632 “Cum
874 2583 1190 2646 aspicerem,
1215 2597 1338 2632 ecce
1372 2597 1566 2632 manus
1599 2597 1635 2632 a
1667 2583 1863 2646 spiritu
1895 2583 2099 2632 emissa
2128 2583 2199 2632 ad
2235 2597 2337 2642 me,
2366 2591 2421 2632 et
2456 2583 2511 2632 in
2548 2597 2614 2632 ea
2646 2581 2798 2632 volu-

815 2664 940 2698 men
962 2648 1098 2709 libri,
1119 2649 1262 2734 fluod
1281 2648 1571 2713 explicavit
1589 2649 1643 2699 in
1663 2645 1961 2713 conspectu
1980 2664 2102 2699 meo
2121 2663 2133 2709 ;
2158 2660 2273 2699 erat
2291 2649 2549 2714 scriptum
2568 2664 2603 2699 a
2620 2647 2797 2699 fronte

815 2723 867 2764 et
891 2730 926 2763 a
949 2724 1104 2777 tergo
1173 2718 1248 2777 (ιι.
1272 2729 1319 2777 9,
1349 2714 1447 2777 10)=

555 2858 626 2915 et
665 2850 844 2934 apud
881 2848 1286 2927 Joleannem,

653 2968 686 2991 ⁸·
703 2966 824 3016 Vidi
854 2967 923 3016 ad
949 2966 1196 3015 dextram
1224 2966 1372 3029 Ejus,
1398 2966 1487 3031 qui
1517 2966 1789 3017 insidebat
1818 2967 2031 3027 throno,
2057 2968 2250 3017 librum
2278 2968 2533 3032 scriptum
2567 2968 2713 3019 intus
2742 2977 2796 3018 et

813 3046 847 3081 a
870 3042 1042 3095 tergo,
1065 3033 1410 3094 obsignatum
1437 3032 1631 3095 sigillis
1656 3041 1865 3097 septem
1882 3032 1912 3053 '⁹
1936 3032 2110 3097 (Apoc.
2135 3047 2185 3083 v.
2214 3034 2276 3097 1).

676 3200 870 3268 259.
933 3184 1136 3269 Quod
1198 3188 1264 3250 in
1318 3186 1526 3251 caelis
1572 3188 1950 3271 scripturae
1996 3189 2157 3262 sint,
2205 3188 2552 3268 provisum
2599 3198 2709 3253 est
2754 3210 2795 3253 a

552 3280 850 3345 Domino
883 3292 1164 3363 propter
1193 3280 1524 3356 Verbum,
1561 3301 1721 3346 nam
1754 3283 1821 3346 id
1858 3283 1925 3346 in
1964 3303 2086 3347 sua
2117 3285 2421 3347 essentia
2453 3293 2561 3347 est
2599 3284 2790 3349 Divi-

551 3394 712 3439 num
753 3374 1035 3452 Verum,
1077 3398 1166 3439 ex
1228 3398 1364 3459 quo
1418 3378 1640 3441 omnis
1699 3378 2041 3459 sapientia
2100 3377 2419 3442 caelestis
2477 3388 2586 3442 est
2644 3388 2793 3445 tam

550 3470 938 3534 hominibus
969 3492 1170 3553 quam
1203 3472 1506 3555 angelis:
1557 3482 1663 3536 est
1698 3475 1879 3537 enim
1911 3474 1981 3537 id
2013 3470 2344 3538 dictatum
2376 3495 2417 3538 a
2450 3474 2789 3552 Domino;

550 3575 622 3629 et
669 3568 852 3649 quod
899 3564 1200 3631 dictatur
1241 3588 1298 3631 a·
1331 3568 1634 3632 Domino
1680 3570 1932 3632 transit
1979 3588 2221 3633 omnes
2258 3568 2491 3633 caelos
2528 3569 2788 3645 ordine,

549 3680 628 3725 ac
662 3664 1074 3727 terminatur
1099 3664 1278 3745 apud
1313 3662 1687 3727 hominem.
1756 3664 1929 3728 Inde
1960 3673 2069 3728 est
2101 3664 2267 3727 illud
2300 3666 2787 3730 accommoda-

549 3766 694 3819 tum
743 3767 886 3821 tam
925 3758 1306 3839 sapientiae
1352 3760 1420 3821 in
1466 3778 1602 3842 qua
1647 3770 1809 3823 sunt
1846 3758 2098 3841 angeli,
2139 3778 2343 3842 quam
2387 3758 2787 3841 intelligen-

548 3852 686 3913 tiae
721 3852 787 3913 in
820 3872 952 3934 qua
984 3861 1144 3916 sunt
1178 3853 1510 3918 homines.
1602 3852 1717 3917 Ex
1749 3874 1833 3917 eo
1865 3863 1993 3928 est,
2022 3853 2205 3935 quod
2239 3854 2449 3916 etiam
2480 3852 2787 3918 Verbum

549 3945 636 4008 sit
675 3945 964 4027 angeliS,
1005 3958 1076 4011 et
1123 3948 1307 4029 quod
1353 3948 1451 4011 illi
1497 3968 1716 4031 aeque
1774 3948 1842 4011 id
1904 3946 2144 4030 legant
2202 3956 2277 4011 ut
2338 3946 2653 4011 homines
2720 3949 2787 4011 in

549 4048 770 4117 terra3
839 4061 930 4104 ex
975 4040 1097 4105 illo
1143 4043 1354 4107 etiam
1401 4040 1809 4107 doctrinalia
1854 4062 2089 4107 eorum
2128 4050 2327 4120 sunt;
2387 4051 2459 4106 et
2515 4062 2606 4106 ex
2666 4042 2787 4107 illo

548 4135 1096 4215 praedicationes
1121 4136 1214 4200 ibi
1239 4134 1409 4201 fiunt
1439 4134 1534 4221 (n.
1572 4136 1753 4220 221).
1836 4138 2031 4201 Idem
2055 4147 2163 4201 est
2189 4135 2522 4211 Verbum,
2551 4156 2785 4201 verum

548 4248 784 4293 sensus
846 4230 988 4312 ejus
1035 4232 1390 4307 naturalis»,
1438 4233 1551 4315 qui
1610 4244 1721 4296 est
1770 4252 2011 4295 sensus
2055 4230 2332 4296 litterae
2378 4231 2597 4307 nobis,
2646 4250 2785 4297 non

547 4337 654 4389 est
691 4326 758 4389 in
797 4326 1016 4401 caelo,
1050 4328 1172 4391 sed
1211 4336 1320 4391 est
1359 4347 1599 4392 sensus
1631 4326 2025 4409 spiritualis,
2061 4327 2175 4411 qui
2212 4336 2321 4392 est
2360 4346 2605 4391 sensus
2641 4326 2786 4410 ejus

547 4422 890 4485 internus:
952 4422 1170 4505 qualis
1215 4421 1326 4486 hic
1374 4442 1614 4485 sensus
1660 4431 1791 4497 est,
1836 4421 2153 4487 videatur
2194 4420 2263 4485 in
2310 4419 2643 4505 opusculo
2684 4421 2786 4487 De

546 4513 738 4598 Equo
771 4514 972 4591 Albo,
1012 4516 1100 4581 de
1136 4537 1273 4600 quo
1309 4518 1377 4580 in
1414 4515 1845 4599 Apocalypsi.

625 4612 832 4680 260.
893 4609 1258 4695 Quondam
1283 4614 1492 4677 etiam
1520 4612 1608 4677 ad
1641 4630 1752 4678 me
1784 4632 1822 4678 e
1854 4611 2052 4677 caelo
2077 4612 2285 4678 missa
2310 4622 2417 4678 est
2442 4613 2779 4691 chartula,
