3371 5304
591 628 690 680 DE
714 626 1224 690 APPARENTIA,
1247 625 1418 678 SITU
1443 625 1540 676 ET
1565 625 2101 678 PLURALITATE
2128 625 2659 678 INFERNORUM.
2698 629 2825 694 377

585 819 739 864 cum
777 799 1247 884 inspiciuntur,
1287 808 1626 882 apparent
1660 817 1921 880 opacae
1954 808 2025 864 et
2064 799 2335 864 furvae:
2382 799 2506 862 sed
2538 799 2831 864 inferna-

584 893 684 960 les
709 895 1006 978 spirituS,
1034 896 1146 978 qui
1178 895 1364 971 inibi,
1391 897 1460 958 in
1494 895 1616 958 tali
1650 894 1991 958 luminoso
2014 903 2200 968 sunt,
2228 893 2428 976 quale
2461 904 2568 958 est
2602 914 2693 958 ex
2724 895 2831 976 ig-

583 990 746 1054 nitis
777 989 1190 1055 carbonibus
1218 1013 1234 1069 ;
1279 989 1395 1054 isti
1427 990 1661 1054 lumini
1696 990 2091 1072 recipiendo
2122 989 2631 1054 accommodati
2666 999 2831 1053 sunt

581 1083 757 1148 oculi
803 1085 1120 1167 illorum5
1184 1094 1257 1149 et
1317 1085 1448 1149 hoc
1508 1106 1600 1149 ex
1659 1103 1892 1158 causa,
1940 1085 2118 1167 quia,
2167 1085 2330 1148 dum
2375 1085 2701 1150 vixerunt
2760 1085 2830 1148 in

582 1180 860 1256 munde,
911 1181 980 1242 in
1040 1179 1334 1263 caligine
1379 1180 1652 1244 suerunt
1700 1181 1928 1262 quoad
1975 1180 2227 1244 Divina
2270 1201 2456 1254 vera,
2504 1181 2831 1262 negando

579 1275 718 1352 illa,
759 1285 832 1340 et
869 1276 1058 1357 quasi
1105 1275 1173 1338 in
1222 1275 1474 1340 lumine
1514 1276 1742 1360 quoad
1774 1273 1968 1349 salsa,
2008 1273 2412 1338 affirmando
2458 1296 2586 1354 ea;
2648 1276 2831 1340 unde

577 1369 763 1434 visus
797 1370 1150 1436 oculorum
1188 1371 1458 1435 illorum
1495 1371 1594 1434 ita
1631 1371 1963 1435 formatus
1995 1379 2141 1434 est:
2189 1371 2348 1435 inde
2385 1390 2657 1454 quoque
2694 1381 2823 1446 est,

577 1465 760 1548 quod
799 1465 918 1528 lux
955 1466 1130 1529 caeli
1165 1465 1302 1530 illis
1339 1465 1568 1548 caligo
1605 1466 1695 1528 sit
1726 1486 1742 1545 ;
1790 1485 2000 1548 quare
2030 1484 2185 1530 cum
2222 1474 2488 1530 exeunt
2526 1466 2665 1528 suis
2701 1485 2827 1529 an·

577 1561 722 1635 tris,
757 1559 924 1624 nihil
951 1559 1214 1626 vident.
1305 1559 1420 1624 Ex
1452 1561 1697 1644 quibus
1723 1559 2094 1624 clarissime
2122 1561 2371 1642 patuit,
2399 1560 2581 1643 quod
2614 1558 2827 1624 homo

577 1665 848 1720 tantum
887 1657 956 1718 in
997 1655 1220 1718 lucem
1259 1655 1431 1720 caeli
1470 1657 1705 1720 veniat
1744 1666 2073 1737 quantum
2114 1656 2435 1738 agnoscit
2475 1656 2823 1733 Divinum,

575 1761 646 1814 et
682 1747 1045 1814 confirmat
1085 1751 1264 1832 apud
1305 1771 1377 1814 se
1417 1749 1536 1813 illa
1574 1771 1751 1833 quae
1794 1750 1971 1814 caeli
2008 1760 2080 1814 et
2125 1749 2459 1814 ecclesiae
2498 1760 2702 1816 sunt:
2750 1760 2824 1815 et

574 1846 758 1929 quod
803 1855 1076 1909 tantum
1123 1846 1192 1908 in
1238 1845 1606 1926 caliginem
1655 1845 1896 1910 inferni
1939 1847 2201 1922 veniat,
2241 1855 2569 1929 quantum
2610 1855 2823 1926 negat

574 1941 919 2017 Divinum,
958 1951 1032 2005 et
1079 1941 1440 2006 confirmat
1487 1941 1668 2024 apud
1732 1961 1807 2004 se
1860 1961 1944 2005 ea
1996 1961 2169 2025 quae
2216 1951 2377 2006 sunt
2424 1950 2669 2005 contra
2701 1941 2824 2006 illa

571 2057 745 2119 quae
783 2037 956 2102 caeli
987 2046 1061 2101 et
1107 2037 1446 2100 ecclesiae
1483 2045 1666 2100 sunt.

695 2130 898 2212 585.
958 2131 1349 2214 Aperturae
1381 2152 1504 2195 seu
1531 2141 1777 2214 portae
1809 2131 1895 2195 ad
1929 2131 2211 2206 inferna,
2240 2151 2414 2214 quae
2447 2132 2575 2196 sub
2599 2131 2819 2216 plani·

571 2225 794 2291 tiebus
851 2236 922 2289 et
981 2226 1295 2302 vallibus,
1351 2227 1441 2290 ad
1506 2223 1863 2308 aspeEtum
1921 2236 2259 2308 apparent
2319 2227 2817 2292 diversimode:

569 2323 907 2404 quaedam
933 2321 1192 2386 similes
1217 2321 1354 2384 illis
1385 2341 1560 2405 quae
1591 2322 1719 2384 sub
1751 2322 2123 2397 montibus,
2153 2319 2445 2385 collibus
2472 2331 2544 2386 et
2578 2323 2815 2404 petris,

567 2417 902 2499 quaedam
962 2415 1140 2480 sicut
1190 2426 1392 2480 antra
1449 2425 1522 2480 et
1581 2434 1941 2490 cavernae,
1982 2417 2321 2498 quaedam
2367 2417 2545 2481 sicut
2590 2417 2821 2481 hiatus

567 2513 796 2594 magni
851 2522 924 2576 et
978 2511 1364 2594 voragines,
1406 2510 1746 2594 quaedam
1784 2510 1961 2575 sicut
2016 2511 2322 2593 paludes,
2363 2520 2435 2576 et
2481 2512 2817 2594 quaedam

566 2608 742 2673 sicut
774 2616 1027 2691 stagna
1059 2626 1406 2691 aquarum.
1491 2603 1755 2671 Omnes
1787 2615 1947 2671 sunt
1982 2609 2529 2689 coopertae,hec
2568 2617 2817 2691 patent

565 2702 692 2767 nisi
723 2722 878 2767 cum
911 2702 1074 2767 mali
1105 2704 1381 2785 spiritus
1419 2723 1457 2765 e
1497 2702 1757 2766 mundo
1794 2702 2153 2784 spirituum
2191 2702 2352 2766 illuc
2382 2702 2810 2784 injiciuntur:

563 2817 856 2881 cumque
893 2808 1160 2881 patent,
1201 2797 1568 2861 exhalatur
1607 2796 1765 2861 inde
1812 2797 1923 2861 vel
1971 2799 2149 2861 sicut
2188 2798 2365 2879 ignis
2412 2818 2567 2861 cum
2604 2798 2812 2876 sumo,

564 2892 782 2976 qualis
820 2903 1109 2978 apparet
1157 2894 1225 2957 in
1263 2914 1418 2957 aere
1455 2913 1547 2957 ex
1585 2892 1941 2967 incendiiS,
1976 2892 2087 2957 vel
2134 2892 2312 2957 sicut
2348 2890 2623 2957 flamma
2652 2895 2813 2959 abs·

562 3008 692 3071 que
738 2988 966 3067 fum03
1013 2988 1126 3052 vel
1171 2988 1348 3051 sicut
1393 2986 1607 3069 fuligo
1653 2986 1873 3071 qualis
1911 3008 2003 3051 ex
2041 2988 2324 3051 incenso
2362 2989 2659 3065 camin0,
2698 2989 2813 3055 vel

562 3085 737 3149 sicut
771 3084 1039 3148 nimbus
1071 3103 1149 3148 ac
1191 3084 1408 3147 nubes
1445 3082 1680 3146 densa.
1770 3082 2109 3147 Auditum
2148 3092 2257 3147 est
2294 3083 2477 3164 quod
2514 3084 2813 3150 inferna-

560 3178 662 3243 les
697 3180 974 3262 spiritus
1006 3177 1126 3243 illa
1159 3198 1297 3242 non
1325 3178 1636 3255 videant,
1665 3196 1792 3241 nec
1827 3178 2155 3252 sentiant,
2191 3176 2348 3260 quia
2378 3198 2533 3241 cum
2573 3182 2641 3243 in
2672 3180 2809 3245 illis

561 3284 743 3352 sunt,
783 3277 960 3340 sicut
1007 3276 1074 3339 in
1121 3294 1245 3337 sua
1281 3272 1777 3354 atmosphaera
1814 3282 1997 3348 sunt,
2039 3282 2111 3337 et
2156 3274 2253 3337 sic
2300 3274 2367 3336 in
2414 3294 2577 3338 suae
2623 3278 2812 3341 vitae

561 3368 895 3448 iucundo;
961 3379 1034 3435 et
1092 3369 1226 3433 hoc
1272 3388 1363 3432 ex
1411 3388 1639 3442 causa,
1681 3368 1840 3450 quia
1883 3368 2429 3448 correspondent
2477 3368 2675 3434 malis
2732 3381 2808 3437 et

560 3456 744 3528 falsis
789 3466 857 3529 in
903 3463 1148 3548 quibus
1185 3472 1394 3541 sunt3
1445 3481 1716 3544 nempe,
1758 3462 1937 3544 ignis
1972 3463 2135 3525 odio
2180 3472 2253 3526 et
2297 3462 2665 3538 vindictae,
2703 3465 2807 3529 fu-

559 3578 708 3623 mus
738 3570 808 3625 et
851 3559 1066 3642 fuligo
1104 3559 1292 3623 falsis
1351 3578 1442 3621 ex
1501 3558 1659 3632 illis,
1701 3556 1977 3621 flamma
2013 3557 2213 3621 malis
2248 3560 2503 3623 amoris
2560 3560 2685 3636 sui,
2724 3580 2807 3625 ac

558 3656 826 3719 nimbus
862 3666 934 3720 et
973 3656 1191 3719 densa
1228 3654 1446 3718 nubes
1484 3653 1667 3716 salsis
1704 3653 1885 3716 inde.

681 3750 892 3832 586.
949 3750 1211 3814 Datum
1250 3750 1462 3814 etiam
1499 3758 1609 3812 est
1653 3748 1993 3829 inspicere
2029 3746 2097 3810 in
2136 3746 2417 3823 inferna,
2450 3767 2531 3813 ac
2569 3748 2805 3815 videre

557 3845 784 3931 qualia
820 3855 982 3910 sunt
1027 3846 1259 3922 intus;
1329 3863 1488 3908 nam
1551 3862 1708 3907 cum
1748 3842 2049 3906 Domino
2093 3842 2531 3925 beneplacet,
2566 3854 2803 3925 potest

556 3940 834 4024 spiritus
877 3948 952 4003 et
997 3937 1309 4020 angelus,
1351 3938 1464 4019 qui
1510 3956 1715 4019 supra
1750 3944 1883 4011 est,
1930 3936 2078 3999 visu
2117 3945 2478 4019 penetrare
2523 3938 2591 4001 in
2638 3937 2798 4013 ima,

554 4054 636 4100 ac
696 4034 987 4099 lustrare
1032 4033 1262 4119 qualia
1320 4039 1506 4107 sunt,
1549 4052 1689 4095 non
1748 4030 2191 4095 obstantibus
2250 4032 2635 4113 operturis:
2700 4032 2803 4097 ita

555 4150 824 4215 quoque
864 4129 1028 4193 mihi
1063 4129 1302 4192 datum
1341 4137 1449 4191 est
1487 4128 1553 4190 in
1593 4126 1713 4189 illa
1744 4126 2211 4209 introspicere.
2302 4124 2663 4207 Quaedam
2695 4129 2801 4191 in-

555 4226 741 4289 ferna
772 4233 1236 4309 apparuerunt
1273 4224 1362 4286 ad
1395 4220 1751 4305 aspeEtum
1790 4224 1967 4285 sicut
2000 4242 2339 4285 cavernae
2375 4232 2448 4285 et
2481 4231 2683 4286 antra
2726 4224 2801 4287 in

553 4321 828 4401 rupibus
861 4318 1222 4384 tendentia
1252 4320 1644 4391 introrsum,
1673 4337 1753 4381 ac
1786 4316 1945 4380 inde
1978 4336 2247 4399 quoque
2279 4318 2346 4379 in
2384 4317 2797 4400 profundum

554 4414 827 4498 oblique
862 4414 976 4478 vel
1021 4412 1546 4478 diametraliter.
1638 4410 1999 4493 Quaedam
2036 4412 2299 4476 inferna
2335 4423 2796 4495 apparuerunt

552 4511 638 4574 ad
679 4509 1036 4592 aspec'tum
1074 4508 1320 4573 similia
1356 4508 1589 4572 lustris
1635 4516 1709 4571 et
1753 4508 2119 4588 speluncis,
2160 4506 2397 4588 quales
2433 4517 2593 4570 sunt
2636 4507 2797 4572 seris

553 4605 620 4669 in
663 4605 872 4670 silvis,
908 4627 915 4635 ·
963 4602 1324 4688 Quaedam
1373 4604 1620 4669 similia
1655 4602 1995 4667 lacunatis
2032 4602 2344 4667 cavernis
2402 4610 2475 4667 et
2526 4604 2791 4687 cryptis
