3371 5304
565 697 570 702 .
657 658 846 710 vrrA
877 656 1082 722 QUAE
1114 654 1348 707 DUCIT
1379 654 1484 706 An
1517 651 1831 704 CAELUM
1862 647 2025 704 Nox*
2063 650 2619 703 DIFFICILLIMA.
2710 652 2831 720 343

585 831 766 895 sicut
797 827 1120 902 creditur,
1155 833 1352 910 patet
1385 843 1564 890 nunc
1600 845 1693 889 cx
1732 844 1837 900 eo,
1871 822 2056 909 quod
2087 820 2311 887 solum
2343 842 2516 905 opus
2548 820 2831 898 habeat,

585 945 744 991 cum
766 923 1024 1007 aliquid
1049 917 1337 988 obvenit
1369 921 1552 1004 quod
1583 920 1719 986 scit
1748 921 2165 985 insincerum
2196 927 2270 983 et
2300 917 2627 1000 injustum
2652 939 2831 994 esse,

585 1021 674 1086 ad
706 1020 892 1105 quod
921 1019 1188 1083 animus
1218 1016 1360 1100 ejus
1390 1016 1624 1094 fertur,
1649 1024 1727 1080 ut
1756 1015 2027 1098 cogitet
2058 1014 2244 1098 quod
2276 1031 2417 1077 non
2445 1013 2832 1078 faciendum

583 1119 676 1182 sit
711 1117 871 1201 quia
915 1123 1024 1180 est
1069 1122 1316 1180 contra
1350 1121 1731 1197 praecepta
1768 1111 2041 1175 Divina.
2126 1108 2201 1174 Si
2245 1110 2456 1174 homo
2491 1109 2831 1174 assuescit

584 1215 686 1278 ita
727 1212 1062 1294 cogitare,
1111 1217 1186 1275 et
1245 1229 1339 1274 ex
1394 1207 1841 1272 assuetudine
1885 1206 2105 1272 trahit
2149 1205 2450 1289 aliquem
2493 1204 2829 1278 habitum,

584 1317 750 1372 tunc
797 1305 1158 1388 paullatim
1194 1303 1632 1386 conjungitur
1677 1302 1915 1381 cae103
1982 1311 2056 1367 et
2100 1313 2435 1384 quantum
2474 1299 2831 1384 conjungi-

583 1411 696 1468 tur
755 1402 978 1478 caelo,
1016 1410 1289 1466 tantum
1325 1401 1727 1482 aperiuntur
1759 1397 2111 1481 superiora
2148 1417 2323 1480 quae
2383 1397 2638 1461 mentis
2688 1395 2833 1478 ejus

583 1508 786 1576 sunt3
834 1506 906 1562 et
938 1505 1272 1580 quantum
1303 1495 1422 1560 illa
1451 1495 1869 1578 aperiuntur,
1895 1502 2171 1559 tantum
2204 1492 2396 1557 videt
2427 1492 2589 1574 quid
2620 1492 2831 1555 insin—

582 1612 814 1659 cerum
847 1601 920 1657 et
957 1591 1324 1674 injustum;
1369 1599 1442 1654 et
1479 1598 1813 1672 quantum
1844 1587 2017 1652 haec
2049 1588 2242 1653 videt
2274 1596 2547 1651 tantum
2580 1587 2831 1650 discuti

585 1697 926 1774 possunt3
993 1706 1157 1752 nam
1203 1685 1460 1750 malum
1507 1684 1789 1766 aliquod
1850 1703 1989 1748 non
2034 1691 2273 1766 potest
2328 1683 2579 1747 discuti
2626 1701 2830 1764 quam

581 1794 954 1868 postquam
978 1783 1270 1846 videtur.
1361 1780 1493 1844 Hic
1521 1789 1751 1846 status
1783 1788 1894 1845 est
1926 1780 1994 1844 in
2018 1797 2223 1863 quem
2246 1777 2459 1843 homo
2490 1799 2583 1842 ex
2613 1777 2832 1843 libero

580 1881 840 1946 intrare
876 1887 1154 1961 potest;
1207 1895 1368 1940 nam
1405 1875 1556 1960 quis
1599 1895 1741 1940 non
1787 1895 1881 1940 ex
1925 1875 2143 1940 libero
2187 1875 2288 1938 ita
2324 1874 2634 1956 cogitare
2672 1882 2829 1956 pot-

583 1974 743 2040 est?
833 1973 938 2037 At
975 1991 1128 2037 cum
1159 1972 1472 2038 initiatus
1501 1981 1634 2048 est,
1669 1981 1836 2035 tunc
1874 1969 2213 2036 Dominus
2245 1979 2569 2052 operatur
2599 1969 2833 2033 omnia

583 2071 768 2135 bona
809 2069 992 2152 apud
1039 2068 1254 2144 illum,
1295 2079 1366 2132 et
1407 2067 1573 2133 facit
1621 2076 1699 2132 ut
1745 2087 1884 2130 non
1932 2066 2141 2130 modo
2178 2066 2415 2130 videat
2462 2064 2667 2140 mala,
2706 2065 2830 2128 sed

585 2168 796 2232 etiam
834 2175 909 2229 ut
945 2163 1120 2230 nolit
1157 2164 1298 2239 illa,
1338 2173 1410 2228 et
1449 2164 1746 2246 denique
1784 2171 1860 2227 ut
1896 2172 2253 2227 aversetur
2290 2161 2429 2226 illa.
2520 2160 2678 2226 Hoc
2724 2161 2829 2225 in-

583 2261 924 2344 telligitur
958 2279 1082 2343 per
1111 2257 1396 2326 Domitii
1429 2259 1662 2336 verba,

750 2403 1018 2471 “Jugum.
1037 2418 1244 2455 ,meum
1267 2403 1426 2454 facile
1450 2411 1551 2464 est,
1580 2411 1636 2454 et
1662 2417 1807 2454 onus
1833 2417 2015 2453 meum
2039 2401 2161 2453 leve
2176 2401 2207 2424 '⁹
2224 2399 2443 2464 (Mami.
2467 2403 2540 2453 xi.
2566 2399 2666 2466 30).

585 2537 723 2604 Sed
759 2537 1118 2603 sciendum
1155 2545 1287 2612 est,
1327 2536 1514 2620 quod
1561 2535 1937 2601 difficultas
1982 2535 2083 2600 ita
2119 2534 2499 2618 cogitandi,
2540 2544 2613 2600 et
2658 2555 2831 2618 quo·

583 2655 714 2718 que
744 2632 1112 2699 resistendi
1145 2631 1368 2709 malis,
1402 2641 1696 2709 crescat,
1730 2642 2067 2715 quantum
2099 2630 2311 2697 homo
2342 2651 2433 2696 ex
2466 2630 2829 2697 voluntate

583 2722 749 2796 facit
791 2728 1020 2807 mala3
1067 2737 1343 2793 tantum
1381 2728 1565 2794 cuim
1610 2728 1670 2792 is
1716 2728 2055 2793 assuescit
2092 2726 2249 2803 illis,
2292 2748 2503 2811 usque
2550 2737 2626 2793 ut
2672 2737 2830 2792 tan·

585 2824 744 2891 dem
791 2844 931 2889 non
970 2823 1207 2888 videat
1252 2822 1396 2899 illa,
1435 2832 1508 2889 et
1547 2823 1707 2889 dein
1755 2833 1828 2887 ut
1872 2831 2060 2887 amet
2097 2822 2236 2898 illa,
2278 2831 2351 2887 et
2398 2842 2489 2887 ex
2527 2822 2831 2904 jucundo

587 2921 842 2985 amoris
877 2928 1172 2985 excuset
1213 2918 1356 2995 illa,
1398 2929 1469 2985 et
1517 2938 1640 3001 per
1671 2918 1899 2983 omnis
1935 2918 2209 2999 generis
2245 2916 2553 2982 fallacias
2586 2916 2831 2982 confir·

585 3025 755 3092 met,
793 3024 871 3081 et
915 3016 1104 3079 dicat
1141 3015 1338 3079 licita
1374 3012 1448 3079 e't
1491 3015 1697 3079 bona.
1787 3012 1925 3079 Sed
1970 3013 2102 3078 hoc
2148 3011 2227 3077 fit
2272 3013 2453 3095 apud
2498 3012 2679 3089 illos,
2720 3014 2833 3097 qui

583 3110 654 3176 in
691 3110 1138 3176 adolescente
1171 3119 1408 3175 aetate
1439 3120 1646 3175 ruunt
1681 3110 1751 3173 in
1791 3108 1977 3173 mala
2012 3109 2189 3173 sicut
2218 3108 2477 3193 absque
2509 3108 2723 3185 freno,
2758 3117 2831 3173 et

585 3205 785 3271 simul
823 3215 988 3271 tunc
1027 3224 1120 3267 ex
1143 3205 1353 3269 corde
1393 3204 1642 3269 Divina
1677 3203 2011 3287 rejiciunt.

709 3314 912 3385 534.
973 3299 1525 3382 Repraesentata
1556 3301 1723 3363 mihi
1754 3300 2105 3382 quondam
2138 3308 2247 3363 est
2284 3298 2396 3363 via
2429 3319 2608 3382 quae
2640 3299 2830 3364 ducit

584 3397 672 3462 ad
705 3396 995 3471 caelum,
1030 3405 1102 3461 et
1139 3416 1314 3479 quae
1345 3396 1536 3461 ducit
1571 3396 1660 3459 ad
1698 3395 2056 3460 infernum.
2146 3394 2320 3459 Erat
2350 3396 2461 3459 via
2496 3394 2641 3460 lata
2674 3404 2831 3459 ten-

586 3493 760 3557 dens
797 3492 1266 3555 sinistrorsum
1313 3512 1434 3555 seu
1480 3511 1719 3555 versus
1764 3492 2355 3573 septentrionem;
2402 3492 2830 3573 apparebant

582 3589 779 3655 multi
811 3590 1091 3671 spiritus
1123 3588 1235 3671 qui
1267 3586 1460 3651 illam
1492 3587 1726 3653 ibant:
1774 3587 1897 3652 sed
1937 3587 2024 3652 ad
2062 3588 2471 3651 distantiam
2504 3588 2687 3653 visus
2719 3598 2827 3653 est

584 3682 756 3766 lapis
800 3684 972 3748 satis
1017 3702 1334 3765 magnus,
1375 3683 1488 3746 ubi
1553 3682 1664 3747 via
1724 3682 1871 3747 lata
1927 3682 2445 3747 terminabatur.
2536 3680 2649 3745 Ex
2711 3681 2833 3747 illo

584 3778 818 3861 lapide
856 3778 1016 3842 dein
1055 3778 1259 3843 binae
1296 3778 1448 3842 viae
1486 3778 1797 3853 abibant,
1846 3788 1982 3842 una
2026 3778 2115 3842 ad
2162 3778 2537 3851 sinistrum,
2586 3786 2658 3841 et
2698 3798 2836 3842 una

584 3893 677 3938 ex
703 3874 1030 3956 opposito
1059 3873 1149 3937 ad
1181 3873 1531 3937 dextrum.
1621 3872 1755 3938 Via
1780 3892 1952 3958 quae
1985 3874 2323 3937 tendebat
2358 3872 2447 3937 ad
2479 3874 2829 3937 sinistrum

585 3978 735 4034 erat
774 3978 1075 4051 angusta
1109 3988 1230 4033 seu
1267 3965 1530 4044 stricta,
1570 3967 1831 4033 ducens
1870 3988 1991 4051 per
2026 3968 2463 4033 occidentem
2502 3967 2591 4032 ad
2630 3969 2831 4033 meri·

584 4065 788 4139 diem,
815 4074 888 4128 et
919 4064 1014 4129 sic
1048 4064 1117 4127 in
1148 4064 1373 4129 lucem
1404 4064 1579 4129 caeli
1609 4086 1624 4141 ;
1671 4066 1783 4128 via
1813 4084 1989 4149 quae
2014 4064 2351 4129 tendebat
2381 4062 2470 4127 ad
2503 4062 2831 4128 dextrum

584 4170 734 4225 erat
772 4158 916 4223 lata
945 4168 1020 4224 et
1057 4160 1385 4241 spatiosa,
1413 4160 1674 4225 ducens
1706 4159 1981 4243 oblique
2013 4160 2331 4224 deorsum
2364 4178 2597 4222 versus
2628 4158 2832 4223 inser·

588 4274 772 4318 num.
861 4251 1125 4319 Omnes
1171 4256 1462 4339 primum
1510 4256 1636 4319 visi
1681 4266 1845 4321 sunt
1892 4256 2185 4319 eandem
2231 4256 2412 4318 viam
2458 4254 2579 4331 ire,
2606 4274 2831 4343 ⁸usque

586 4349 675 4413 ad
727 4349 1028 4433 lapidem
1075 4366 1402 4432 magnum
1453 4351 1522 4415 in
1583 4350 1814 4429 bivio;
1877 4352 2001 4415 sed
2058 4370 2214 4415 cum
2260 4348 2421 4414 illuc
2467 4359 2831 4426 venerunt,

586 4446 890 4529 separati
935 4454 1140 4525 sunt;
1199 4446 1364 4510 boni
1408 4444 1875 4512 deflectebant
1935 4446 2023 4511 ad
2085 4448 2461 4521 sinistrum,
2500 4455 2572 4511 et
2617 4446 2833 4511 intra-

585 4542 757 4605 bant
795 4543 974 4605 viam
1014 4539 1324 4607 strictam
1360 4562 1535 4628 quae
1573 4542 1871 4607 ducebat
1909 4542 1996 4607 ad
2033 4540 2345 4623 caelum;
2392 4553 2464 4609 at
2498 4542 2659 4608 mali
2694 4563 2834 4608 non

585 4636 917 4703 videbant
960 4638 1262 4723 lapidem
1315 4640 1384 4704 in
1443 4638 1648 4717 bivio,
1698 4650 1771 4705 et
1828 4638 2178 4707 cadebant
2234 4660 2438 4723 super
2489 4640 2704 4717 illum,
2752 4661 2831 4705 ac
