3371 5304
2269 337 2321 380 ὀ

691 587 1006 641 CAELUM
1037 587 1136 638 ΕΤ
1165 585 1572 638 INFERNUM
1605 586 1802 638 SUNT
1837 586 1937 638 Ex
1974 585 2309 638 HUMANO
2340 585 2669 637 GENERE.
2750 575 2869 656 187

622 760 1018 844 opinionem
1077 761 1284 844 cepit,
1321 758 1507 842 quod
1563 759 1929 824 interitura
1986 758 2125 823 sint
2186 767 2351 822 tunc
2410 759 2644 823 omnia
2696 778 2872 844 quae

622 873 854 920 coram
917 852 1156 928 oculis,
1218 862 1293 917 et
1351 852 1538 936 quod
1605 873 1789 917 nova
1853 854 2222 928 exstitura‚
2269 862 2343 917 et
2401 854 2585 936 quod
2646 856 2875 918 anima

620 960 786 1014 tunc
837 949 1140 1013 reditura
1201 949 1293 1012 sit
1352 949 1422 1011 in
1480 967 1678 1012 suum
1731 967 2001 1031 corpus,
2050 967 2141 1012 ex
2203 967 2337 1030 qua
2394 945 2872 1030 conjunctione

621 1045 829 1109 homo
875 1044 1128 1106 iterum
1165 1043 1356 1106 vivet
1393 1041 1646 1108 homo:
1695 1040 1871 1107 haec
1908 1040 2077 1106 fides
2115 1041 2407 1105 involvit
2447 1039 2739 1105 alteram
2784 1044 2873 1108 de

619 1138 886 1220 angelis
921 1137 1105 1221 quod
1145 1137 1284 1201 sint
1325 1157 1372 1224 a·
1405 1137 1741 1219 principio
1774 1137 2005 1212 creati,
2042 1155 2201 1200 nam
2240 1155 2379 1199 non
2417 1136 2602 1201 credi
2633 1146 2873 1220 potest

619 1234 800 1317 quod
850 1232 1116 1296 caelum
1165 1241 1238 1296 et
1293 1229 1630 1294 infernum
1677 1232 1819 1296 sint
1862 1251 1955 1294 ex
2003 1231 2307 1294 humano
2350 1249 2627 1313 genere,
2666 1253 2874 1316 quum

620 1328 920 1394 creditur
956 1327 1148 1410 quod
1178 1325 1408 1391 nullus
1446 1324 1657 1389 horno
1696 1326 1857 1390 illuc
1894 1327 2083 1409 prius
2119 1327 2353 1390 veniat
2391 1345 2597 1409 quam
2635 1327 2703 1391 in
2740 1326 2874 1393 fine

621 1423 876 1486 mundi.
965 1420 1102 1486 Sed
1149 1430 1225 1486 ut
1273 1421 1630 1485 evincatur
1666 1419 1881 1484 homo
1916 1421 2103 1504 quod
2152 1440 2291 1485 non
2338 1421 2437 1484 ita
2482 1423 2595 1497 sit,
2633 1423 2873 1487 datum

619 1524 726 1581 est
760 1516 928 1580 mihi
965 1517 1390 1580 consortium
1432 1513 1691 1580 habere
1734 1535 1891 1580 cum
1930 1516 2221 1599 angelis,
2262 1525 2335 1580 et
2379 1537 2651 1600 quoque
2687 1517 2875 1601 loqui

621 1631 774 1676 cum
803 1611 942 1676 illis
972 1612 1086 1695 qui
1119 1612 1188 1674 in
1221 1610 1492 1675 inferno
1525 1620 1710 1688 sunt,
1739 1620 1812 1675 et
1844 1611 1978 1676 hoc
2012 1630 2191 1676 nunc
2226 1631 2347 1694 per
2384 1611 2611 1696 plures
2630 1632 2871 1690 annos,

620 1707 1026 1791 quandoque
1075 1707 1406 1770 continue
1468 1727 1511 1770 a
1573 1725 1778 1770 mane
1826 1727 2039 1791 usque
2086 1706 2175 1772 ad
2219 1725 2604 1791 vesperam,
2644 1716 2718 1772 et
2776 1709 2871 1772 sic

619 1801 958 1866 informari
997 1801 1086 1866 de
1127 1801 1324 1865 caelo
1361 1811 1438 1866 et
1486 1802 1574 1867 de
1613 1802 1921 1881 infern03
1984 1810 2059 1866 et
2103 1800 2237 1866 hoc
2296 1801 2388 1864 ob
2444 1820 2745 1880 causam,
2786 1823 2875 1869 ne

618 1895 827 1961 homo
863 1895 1199 1962 ecclesiae
1239 1895 1528 1962 ulterius
1569 1906 1975 1980 permaneat
2014 1899 2085 1960 in
2123 1917 2246 1961 sua
2283 1916 2570 1961 erronea
2606 1895 2741 1962 fide
2784 1897 2873 1963 de

619 1989 1111 2056 resurrectione
1147 2001 1462 2074 tempore
1502 1991 1759 2076 judicii,
1794 2012 1874 2056 ac
1930 1992 2017 2056 de
2062 1994 2331 2056 animae
2362 2001 2554 2056 statu
2582 1993 2871 2070 interea,

619 2095 765 2150 tum
810 2086 898 2150 de
945 2087 1211 2168 angelis
1257 2097 1331 2150 et
1391 2086 1479 2150 de
1526 2085 1847 2150 diabolo:
1910 2107 2089 2170 quae
2134 2085 2304 2150 fides
2349 2088 2507 2170 quia
2550 2096 2659 2152 est
2704 2085 2875 2152 fides

618 2179 790 2256 falsi,
829 2181 1122 2246 involvit
1164 2182 1530 2260 tenebras3
1577 2191 1652 2246 et
1692 2181 1874 2264 apud
1915 2201 2037 2245 eos
2074 2182 2187 2262 qui
2224 2201 2317 2244 ex
2356 2182 2629 2263 propria
2666 2180 2873 2246 intel-

619 2273 904 2356 ligentia
955 2275 1042 2339 de
1099 2275 1234 2340 illis
1273 2277 1616 2358 cogitant,
1665 2275 1875 2341 infert
1914 2275 2423 2340 dubitationem
2460 2285 2535 2339 et
2586 2275 2873 2342 tandem

619 2371 1102 2451 negationem3
1167 2371 1410 2434 dicunt
1459 2372 1644 2435 enim
1685 2371 1919 2447 corde,
1965 2369 2399 2452 “Quomodo
2435 2379 2677 2452 potest
2712 2381 2873 2435 tan-

617 2474 767 2530 tum
797 2465 1062 2529 caelum
1102 2484 1256 2530 cum
1289 2475 1399 2531 tot
1435 2465 1793 2542 sideribus,
1829 2474 1904 2529 et
1940 2485 2095 2529 cum
2127 2465 2275 2528 sole
2312 2475 2386 2529 et
2424 2464 2586 2529 luna
2616 2465 2873 2531 destrui

617 2569 690 2624 et
741 2559 1098 2642 dissipari?
1165 2569 1239 2624 et
1300 2562 1654 2644 quomodo
1703 2569 1993 2643 possunt
2047 2559 2298 2624 stellae
2355 2581 2393 2624 e
2450 2559 2650 2623 caelo
2706 2569 2869 2626 tunc

616 2654 863 2719 cadere
899 2657 968 2719 in
1005 2665 1284 2731 terram,
1321 2676 1494 2739 quae
1529 2665 1767 2720 tamen
1802 2655 2095 2738 majores
2125 2665 2311 2721 terra
2340 2654 2551 2719 sunt?
2595 2663 2669 2719 et
2700 2675 2871 2739 quo·

617 2749 826 2813 modo
871 2760 1160 2832 possunt
1203 2770 1496 2831 corpora
1541 2770 1583 2815 a
1629 2750 1977 2815 vermibus
2014 2770 2251 2827 exesa,
2290 2749 2657 2832 putredine
2699 2770 2867 2813 con·

615 2853 909 2927 sumpta,
937 2854 1010 2909 et
1047 2846 1115 2909 in
1151 2864 1393 2909 omnes
1425 2856 1676 2910 ventos
1709 2845 2063 2925 dissipata,
2095 2844 2407 2925 recolligi
2443 2844 2531 2921 ad
2569 2844 2867 2908 animam

617 2939 852 3003 suam?
912 2938 1188 3003 ubinam
1239 2941 1506 3003 interea
1555 2942 1809 3015 anima,
1857 2948 1931 3004 et
1978 2938 2199 3022 qualis
2242 2938 2363 3001 illa
2408 2956 2563 3001 cum
2610 2938 2868 3021 absque

615 3052 820 3098 sensu
856 3036 969 3118 qui
1007 3034 1068 3099 ei
1115 3034 1238 3099 fuit
1287 3036 1358 3098 in
1405 3055 1695 3117 corpore
1712 3034 1773 3098 ?”
1818 3044 2093 3117 praeter
2131 3032 2325 3116 plura
2358 3032 2645 3112 similia;
2694 3054 2869 3119 quae

613 3130 770 3211 quia
827 3129 1552 3211 incomprehensibilia
1609 3148 1751 3193 non
1812 3128 2071 3194 cadunt
2130 3129 2201 3192 in
2259 3126 2486 3203 fidem,
2548 3135 2623 3190 et
2684 3127 2867 3209 apud

613 3222 840 3305 plures
858 3224 1224 3289 destruunt
1261 3224 1467 3289 fidem
1499 3224 1588 3289 de
1619 3224 1892 3289 animae
1923 3224 2071 3288 vita
2099 3232 2260 3305 post
2293 3231 2611 3297 mortem,
2645 3221 2867 3305 deque

611 3318 807 3382 caelo
851 3328 922 3383 et
967 3319 1254 3397 infern0,
1299 3330 1372 3385 et
1422 3339 1579 3384 curn
1625 3318 1761 3383 illis
1806 3318 2065 3402 reliqua
2111 3338 2283 3402 quae
2329 3316 2487 3381 fidei
2531 3314 2867 3381 ecclesiae

610 3424 788 3478 sunt.
879 3412 1084 3521 Quod
1125 3415 1622 3489 destruxerint,
1652 3422 1852 3497 patet
1889 3434 1983 3477 ex
2018 3412 2153 3477 illis
2190 3412 2301 3496 qui
2338 3411 2600 3487 dicunt,
2637 3407 2867 3492 “Quis

611 3527 700 3571 ex
732 3508 927 3572 caelo
957 3509 1046 3573 ad
1079 3529 1205 3574 nos
1237 3511 1426 3573 venit
1461 3519 1536 3573 et
1568 3508 1871 3572 narravit
1894 3508 2077 3591 quod
2110 3508 2199 3571 sit
2225 3506 2250 3570 ?
2295 3506 2452 3589 quid
2486 3506 2867 3570 infernum?

611 3622 769 3667 num
804 3604 937 3667 sit?
991 3606 1154 3688 quid
1201 3604 1332 3669 hoc
1383 3603 1566 3687 quod
1614 3604 1827 3668 homo
1864 3602 2279 3667 cruciabitur
2314 3601 2475 3682 igne
2521 3601 2591 3664 in
2636 3608 2863 3663 aeter-

611 3698 814 3763 num?
859 3700 1022 3783 quid
1055 3701 1203 3764 dies
1229 3698 1513 3781 judicii?
1559 3719 1792 3763 annon
1832 3720 1953 3782 per
1984 3696 2263 3763 saecula
2290 3696 2539 3760 frustra
2568 3714 2863 3777 exspec-

610 3802 798 3855 tatus
842 3804 948 3858 est
970 3793 1032 3857 ?”
1100 3805 1376 3877 praeter
1424 3794 1620 3877 plura
1666 3815 1843 3878 quae
1891 3792 2286 3875 negationis
2331 3792 2636 3854 omnium
2680 3800 2862 3853 sunt.

589 3886 716 3969 ,Ne
753 3888 986 3972 itaque
1024 3888 1145 3966 illi,
1188 3890 1305 3973 qui
1353 3891 1522 3955 talia
1561 3892 1905 3973 cogitant,
1945 3900 2019 3953 ut
2068 3886 2300 3953 solent
2339 3885 2567 3967 plures
2612 3885 2724 3967 qui
2768 3905 2861 3947 cx

609 3984 990 4059 mundanis,
1033 4006 1210 4069 quae
1250 3986 1551 4067 sapiunt,
1593 3986 1849 4053 eruditi
1884 3995 1957 4051 et
1996 3980 2185 4050 docti
2219 3981 2529 4055 audiunt,
2568 3976 2862 4059 amplius

609 4081 1011 4162 perturbent
1043 4090 1116 4145 et
1152 4081 1490 4147 seducant
1517 4082 1867 4164 simplices
1892 4080 2025 4145 fide
2058 4089 2130 4145 et
2164 4078 2395 4153 corde,
2423 4096 2501 4139 ac
2528 4074 2860 4139 inducant

607 4174 972 4239 infernales
997 4178 1322 4243 tenebras
1354 4179 1441 4242 de
1476 4177 1652 4253 Deo,
1679 4177 1769 4241 de
1793 4176 2012 4252 caele,
2037 4174 2127 4239 de
2156 4174 2300 4237 vita
2325 4180 2631 4245 aeterna,
2658 4188 2740 4233 ac
2770 4168 2859 4233 de

606 4272 854 4333 ceteris
900 4292 1074 4355 quae
1122 4294 1213 4337 ex
1262 4272 1396 4337 illis
1441 4272 1772 4356 pendent,
1822 4282 2065 4353 aperta
2111 4278 2271 4333 sunt
2316 4266 2642 4332 interiora
2683 4285 2859 4348 quae

606 4365 886 4448 spiritus
935 4368 1068 4431 mei
1115 4377 1275 4432 sunt
1321 4388 1362 4431 a
1409 4368 1734 4443 Domino,
1774 4374 1847 4431 et
1891 4367 1986 4431 sic
2034 4364 2219 4448 loqui
2263 4363 2499 4427 datum
2545 4368 2654 4425 est
2700 4379 2855 4424 cum

607 4461 922 4524 omnibus
961 4483 1130 4546 quos
1168 4467 1454 4546 usqua'm
1494 4472 1701 4526 notos
1739 4458 1943 4525 habui
1992 4461 2056 4524 in
2104 4460 2247 4523 vita
2292 4457 2618 4539 corporiS,
2658 4464 2853 4538 post-

605 4574 810 4639 quam
856 4554 1157 4621 defunc‘ti
1200 4566 1406 4635 sunt;
1467 4575 1622 4621 cum
1668 4554 2075 4641 quibusdam
2123 4572 2244 4637 per
2288 4552 2458 4629 dies,
2506 4569 2661 4615 cum
2707 4551 2855 4633 qui·
