3371 5304
563 621 682 684 124
1204 617 1308 668 nn
1350 616 1604 671 cAeLo
1644 619 1745 670 ET
1792 617 2155 671 mutuno.

555 789 770 871 leges,
811 789 1188 854 secundum
1225 809 1396 872 quas
1432 791 1610 856 inter
1645 811 1721 855 se
1758 790 2011 856 vivent.
2102 788 2431 858 Praefetsti
2470 789 2801 856 adminis-

554 894 744 949 trant
783 886 1016 950 omnia
1052 887 1430 951 secundum
1462 886 1656 968 leges
1680 907 1697 966 ;
1758 886 2165 969 intelligunt
2212 887 2369 951 illas
2412 888 2571 971 quia
2616 887 2799 970 sapi·

552 989 748 1045 entes
786 990 970 1054 sunt,
1012 991 1084 1046 et
1121 981 1190 1046 in
1227 982 1429 1046 rebus
1467 981 1691 1046 dubiis
1726 981 2159 1046 illustrantur
2193 1003 2235 1044 a
2273 981 2595 1046 Domino.

672 1075 864 1141 216·
921 1073 1266 1160 Quoniam
1311 1077 1618 1158 regimen
1663 1097 1758 1140 ex
1804 1077 2012 1153 bono,
2060 1076 2263 1160 quale
2306 1087 2415 1142 est
2466 1078 2536 1140 in
2582 1096 2801 1159 regno

552 1169 840 1235 caelesti
875 1170 1175 1247 Domini,
1203 1182 1494 1236 vocatur
1511 1171 1815 1252 Justitia,
1837 1182 1910 1236 et
1934 1174 2242 1254 regimen
2268 1191 2361 1236 ex
2385 1193 2570 1248 νει-ο,
2597 1172 2799 1254 quale

555 1276 661 1328 est
709 1266 778 1328 in
822 1286 1042 1348 regno
1079 1266 1432 1349 spirituali·
1454 1267 1759 1342 Domini,
1798 1277 2090 1331 vocatur
2124 1267 2487 1348 Judicium,
2528 1267 2687 1332 ideo
2732 1268 2798 1331 in

555 1360 792 1425 Verbo
837 1361 1085 1426 dicitur
1133 1357 1448 1440 “justitia
1496 1371 1568 1426 et
1606 1361 1994 1444 judicium,”
2038 1363 2149 1426 ubi
2196 1364 2425 1445 agitur
2468 1364 2558 1427 de
2602 1363 2799 1428 caelo

552 1466 624 1520 et
661 1457 748 1520 de
787 1456 1101 1531 ecclesia,
1142 1467 1214 1520 et
1253 1477 1374 1538 per
1407 1456 1801 1538 “justitiam
1820 1457 1853 1484 ”
1884 1455 2307 1539 significatur
2344 1457 2601 1522 bonum
2640 1479 2797 1521 cae-

553 1552 751 1627 leste,
800 1561 874 1616 et
919 1572 1038 1634 per
1087 1549 1466 1633 “judicium
1483 1550 1514 1578 ’²
1559 1554 1817 1617 bonum
1864 1552 2240 1636 spirituale,
2288 1554 2473 1636 quod
2518 1553 2795 1628 bonum,

553 1655 628 1710 ut
664 1667 868 1729 supra
897 1644 1154 1710 dictum
1185 1656 1311 1726 est,
1343 1648 1414 1710 in
1451 1667 1574 1710 sua
1605 1649 1911 1712 essentia
1948 1657 2057 1712 est
2097 1667 2355 1712 verum.
2444 1647 2545 1712 Ut
2581 1648 2649 1711 in
2687 1667 2796 1710 se-

553 1742 918 1824 quentibus
956 1741 1063 1806 his
1100 1741 1273 1807 locis
1299 1763 1408 1804 :—

653 1870 683 1890 “
701 1867 825 1917 Paci
860 1881 972 1915 non
1015 1868 1116 1916 erit
1150 1867 1274 1917 finis
1307 1881 1472 1930 super
1505 1868 1704 1917 throno
1742 1867 1985 1926 Davidis,
2011 1877 2066 1917 et
2100 1881 2265 1931 super
2299 1882 2471 1930 regno
2506 1867 2533 1917 1
2572 1868 2703 1927 sius,
2728 1869 2797 1918 nd

815 1933 1194 1984 stabiliendum
1221 1932 1366 1992 illud,
1384 1943 1438 1982 et
1459 1935 1530 1984 ad
1551 1933 1881 1984 fulciendum
1906 1934 2038 1984 illud
2060 1935 2116 1983 in
2142 1932 2343 1996 iudicio
2362 1944 2419 1984 et
2442 1930 2523 2000 [in
2573 1933 2797 1996 iustitia.

813 2013 848 2047 a
870 2013 1014 2049 nunc
1037 2009 1092 2048 et
1115 2013 1284 2063 usque
1307 1999 1365 2048 in
1387 1998 1711 2049 aeternum”
1734 1999 1907 2061 (Emi.
1934 2000 2005 2051 ix.
2029 2000 2062 2049 6
2089 1996 2253 2065 [BA.
2274 1995 2370 2064 7]):

553 2151 674 2213 per
701 2134 742 2164 “
765 2129 1103 2194 Davidem
1125 2129 1155 2155 ”
1181 2130 1272 2194 ibi
1303 2131 1717 2213 intelligitur
1742 2128 2175 2207 Dominu3,(“>
2200 2140 2273 2196 et
2298 2151 2419 2216 per
2446 2135 2487 2166 ‘⁸
2508 2150 2797 2214 regnum

556 2225 822 2311 Ipsius”
859 2225 1146 2302 caelum,
1189 2238 1263 2289 ut
1303 2235 1498 2307 patet
1531 2247 1624 2290 ex
1663 2246 1841 2290 nunc
1881 2229 2200 2312 sequenti
2230 2227 2426 2291 loco:

653 2361 984 2412 “Suscitabo
1027 2361 1224 2412 Davidi
1260 2361 1495 2411 Germen
1538 2361 1758 2425 justum.
1795 2370 1850 2411 et
1891 2363 2143 2424 regnabit
2178 2361 2309 2422 Rex,
2336 2333 2391 2412 et
2425 2363 2799 2426 intelligenter

814 2437 957 2492 aget,
981 2437 1036 2478 et
1059 2427 1220 2477 faciet
1247 2428 1507 2491 judicium
1532 2437 1586 2477 et
1610 2427 1875 2490 justitiam
1894 2428 1951 2478 in
1983 2437 2126 2477 terra
2146 2427 2177 2448 ”
2200 2427 2419 2493 (Jerem,
2442 2429 2593 2478 xxiii.
2625 2433 2691 2490 5).

653 2495 684 2518 ‘⁸
701 2492 984 2544 Exaltetur
1009 2492 1272 2558 Jehovah,
1299 2493 1428 2558 quia
1455 2494 1721 2544 inhabitat
1747 2493 1947 2554 altum;
1984 2493 2229 2558 implevit
2256 2493 2483 2544 Zionem
2510 2493 2716 2556 judicio
2742 2503 2799 2544 et

814 2559 1025 2622 justitia
1040 2557 1070 2579 ”
1092 2558 1264 2620 (Esai.
1287 2559 1473 2609 xxxiii.
1501 2560 1551 2622 5)
1571 2576 1582 2610 :

551 2713 673 2777 per
713 2692 1103 2757 “Zionem”
1139 2692 1353 2757 etiam
1389 2692 1803 2775 intelligitur
1840 2692 2107 2757 caelum
2144 2702 2217 2757 et
2256 2688 2643 2757 ecclesiast-‘l

653 2821 683 2844 ‘⁶
697 2818 815 2882 Ego
831 2816 1077 2884 Jehovah
1097 2818 1327 2869 faciens.
1347 2818 1628 2881 ,judicium
1652 2828 1707 2868 et
1729 2818 1993 2881 justitiam
2018 2818 2075 2868 in
2104 2830 2261 2877 terra,
2282 2819 2409 2883 quia
2430 2819 2485 2869 ln
2510 2818 2617 2868 illis
2636 2820 2801 2869 bene·

816 2885 991 2947 placet
1016 2881 1420 2945 Mihi”(Jerem.
1447 2886 1517 2934 ix.
1542 2896 1606 2945 23
1633 2880 1797 2949 [BA.
1818 2880 1943 2948 24]).

653 2953 686 2975 ‘⁴
703 2950 1064 3012 Desponsabo
1089 2960 1141 2999 te
1169 2949 1306 2999 Mihi
1331 2952 1385 3000 in
1411 2960 1709 3008 aeternum,
1734 2959 1789 2999 et
1812 2951 2159 3013 desponsabo
2186 2959 2237 2999 te
2268 2948 2403 3000 Mihi
2429 2950 2483 2999 ln
2507 2950 2720 3013 justitia
2742 2958 2799 2998 et

613 3060 617 3063 .
814 3014 1056 3078 judicio”
1078 3014 1286 3074 (Hosch.
1312 3016 1364 3067 ii.
1394 3016 1506 3079 19):

652 3079 946 3147 “Jehovah
981 3082 1037 3130 in
1072 3083 1234 3132 caelis
1262 3093 1371 3132 est.
1391 3119 1404 3132 .
1423 3120 1436 3131 .
1457 3080 1691 3143 ‚justitia
1718 3089 1813 3131 tua
1838 3082 1977 3131 sicut
2004 3092 2219 3131 montes
2246 3080 2364 3142 Dei,
2390 3091 2445 3131 et
2477 3080 2679 3144 judicia
2706 3090 2801 3130 tua

816 3146 953 3196 sicut
975 3148 1207 3209 abyssus
1231 3162 1435 3210 magna
1451 3146 1481 3168 ”
1505 3145 1727 3207 (Psalm.
1750 3147 1934 3197 xxxvi.
1963 3148 2011 3207 6,
2032 3159 2062 3207 7
2089 3144 2251 3213 [BA.
2280 3158 2322 3207 5,
2342 3144 2455 3212 6]);

655 3210 1218 3342 “ῐ111ῃὶἓποβῗη.ςίΜε)
1228 3212 1439 3277 JudicIa
1449 3213 1717 3278 justitiae.
1732 3212 2312 3278 appropinquationem
2330 3210 2430 3262 Dei
2448 3212 2760 3263 desiderent
2770 3210 2801 3231 ”

890 3294 986 3329 saa.
1033 3292 1104 3329 vn
1127 3316 1141 3329 .
1165 3290 1197 3329 2
1237 3294 1251 3340 ;

653 3354 710 3394 et
730 3344 876 3395 alibi.

681 3487 861 3557 21¹7.
921 3476 1000 3541 In
1046 3498 1266 3560 regno
1301 3477 1640 3560 spirituali
1680 3476 1961 3542 Domini
2005 3478 2235 3542 variae
2271 3475 2626 3559 regiminis
2668 3474 2803 3541 for-

556 3592 708 3637 mae
741 3582 923 3650 sunt,
953 3574 1018 3637 in
1057 3593 1192 3637 una
1223 3575 1559 3639 societate
1593 3593 1733 3637 non
1764 3572 2004 3637 similis
2045 3581 2117 3637 ut
2156 3574 2224 3637 in
2262 3572 2528 3636 altera:
2576 3571 2799 3635 varie-

554 3681 663 3736 tas
697 3678 803 3733 est
836 3669 1210 3733 secundum
1239 3669 1616 3733 ministeria
1648 3689 1822 3751 quae
1854 3668 2232 3733 societates
2258 3669 2540 3732 obeunt.
2623 3664 2801 3731 Sunt

555 3764 931 3829 ministeria
955 3762 1221 3828 illarum
1249 3764 1624 3829 secundum
1650 3762 2033 3827 ministeria
2059 3762 2364 3827 omnium
2394 3762 2462 3827 in
2497 3761 2797 3837 homine,

555 3862 796 3945 quibus
843 3860 1409 3942 correspondent,
1459 3879 1633 3942 quae
1679 3859 1861 3945 quod
1910 3859 2098 3921 varia
2143 3859 2302 3934 sint,
2353 3867 2595 3921 notum
2649 3866 2798 3933 est;

555 3955 738 4021 aliud
798 3956 978 4020 enim
1039 3955 1494 4019 ministerium
1555 3964 1662 4018 est
1720 3954 1931 4028 cordi,
1992 3952 2177 4018 aliud
2240 3952 2567 4035 pulmoni,
2614 3950 2799 4015 aliud

555 4052 814 4135 hepati,
861 4050 1046 4115 aliud
1099 4051 1456 4135 pancreati
1516 4060 1588 4115 et
1649 4048 1835 4125 lieni,
1883 4058 1955 4114 et
2019 4048 2205 4113 aliud
2261 4068 2533 4132 quoque
2587 4048 2800 4113 cuivis

1357 4272 1434 4319 ln
1458 4282 1654 4314 amis
1677 4271 2005 4327 cmm}

667 4377 754 4445 (a)
797 4373 978 4448 Quod
999 4391 1107 4445 per
1123 4384 1156 4405 ‘⁴
1177 4374 1472 4431 Davidem
1489 4374 1600 4428 ”in
1623 4372 1991 4445 propheticis
2007 4372 2189 4428 Verbi
2208 4372 2579 4445 intelligatur
2594 4370 2805 4427 Domi·

559 4464 674 4502 nus
704 4449 783 4515 (n.
821 4446 972 4508 1888,
999 4446 1184 4515 9954).

669 4543 776 4627 (τ).
808 4540 989 4615 Quod
1019 4558 1124 4625 per
1143 4548 1174 4572 ‘⁴
1197 4540 1442 4596 Zionem
1460 4539 1492 4561 ’⁹
1519 4539 1578 4595 in
1607 4538 1811 4597 Verbo
1838 4538 2209 4612 intelligatur
2226 4538 2494 4603 ecclesia.
2518 4540 2577 4595 in
2605 4537 2805 4613 specie

561 4614 818 4671 ecclesia
840 4614 1118 4669 caelestis
1145 4615 1226 4681 (n.
1256 4611 1411 4684 2362,
1437 4613 1621 4683 9055).
