3371 5304
1155 608 1255 660 DE
1292 607 1545 662 CULTU
1581 607 1860 660 mvmo
1893 607 1977 658 m
2016 607 2291 659 cAnLo.
2733 612 2852 678 ¹29

595 776 674 844 fit
716 779 939 843 omnis
978 780 1442 862 praedicatio:
1492 781 1676 863 quod
1719 779 1945 843 nullus
1992 801 2083 844 ex
2129 799 2347 862 regno
2386 777 2696 855 caelesti,
2737 790 2843 843 est

593 875 750 958 quia
773 875 865 938 ibi
902 876 969 939 in
996 876 1180 939 bono
1213 875 1465 939 amoris
1491 885 1674 950 sunt,
1712 884 1784 939 et
1823 896 1912 938 ex
1936 875 2056 938 illo
2080 876 2320 939 vident
2355 885 2426 939 et
2461 876 2843 958 percipiunt

591 991 777 1045 vera,
818 971 938 1034 sed
975 991 1113 1034 non
1154 971 1525 1054 loquuntur
1562 972 1650 1035 de
1688 969 2173 1034 aliamne-¹²³1)
2256 969 2572 1035 Tametsi
2611 970 2843 1054 angeli

590 1067 700 1148 qui
731 1067 800 1129 in
830 1086 1052 1148 regno
1083 1064 1370 1131 caelesti
1402 1076 1583 1141 sunt,
1613 1065 1997 1149 percipiunt
2032 1075 2103 1129 et
2135 1065 2375 1130 vident
2408 1086 2593 1138 vera,
2630 1087 2841 1148 usque

591 1159 1142 1239 praedicationes
1179 1161 1269 1224 ibi
1317 1159 1512 1235 fiunt,
1553 1163 1877 1244 quoniam
1929 1181 2047 1242 per
2093 1160 2248 1224 illas
2296 1161 2727 1224 illustrantur
2772 1163 2835 1224 in

588 1255 766 1317 veris
804 1275 981 1338 quae
1021 1266 1386 1331 noverunt,
1436 1266 1507 1320 et
1557 1255 1997 1338 perficiuntur
2046 1277 2085 1318 a
2133 1255 2438 1339 pluribus
2478 1276 2653 1338 quae
2702 1275 2838 1319 non

590 1350 770 1430 prius
807 1363 1147 1416 noverunt
1183 1373 1199 1429 3
1248 1361 1323 1416 ut
1362 1353 1652 1434 primum
1693 1351 1980 1416 audiunt
2018 1349 2157 1425 illa,
2200 1351 2407 1414 etiam
2448 1362 2837 1433 agnoscunt

585 1443 723 1520 illa,
764 1459 837 1510 et
877 1447 973 1511 sic
1014 1449 1443 1529 percipiunt3
1491 1467 1654 1510 vera
1694 1466 1867 1529 quae
1906 1447 2291 1530 percipiunt
2330 1447 2543 1510 etiam
2575 1457 2834 1519 amant,

585 1549 657 1604 et
718 1559 840 1622 per
893 1542 1122 1606 vivere
1169 1543 1545 1606 secundum
1604 1542 1727 1606 illa
1785 1541 2043 1607 faciunt
2103 1543 2291 1605 vitae
2337 1561 2541 1620 suae;
2607 1543 2838 1606 vivere

583 1637 962 1701 secundum
999 1657 1164 1701 vera
1199 1638 1438 1701 dicunt
1477 1657 1627 1702 esse
1667 1655 1898 1703 amare
1940 1634 2419 1700 Dominumss‘)

709 1733 904 1801 ωδ.
965 1729 1228 1796 Omnes
1265 1733 1781 1816 praedicatores
1820 1742 1980 1795 sunt
2018 1733 2379 1797 constituti
2426 1753 2467 1796 a
2512 1731 2831 1807 Domino,

584 1838 655 1892 et
687 1827 850 1892 inde
887 1829 956 1892 in
987 1829 1176 1895 dono
1208 1828 1654 1911 praedicandi
1688 1837 1891 1905 sunt;
1942 1847 2079 1891 non
2120 1828 2284 1892 licet
2322 1826 2522 1893 alicui
2563 1841 2835 1911 praeter

580 1922 736 1988 illos
773 1923 1025 1990 docere
1063 1926 1130 1988 in
1163 1924 1469 2005 templis,
1557 1921 1926 1988 Vocantur
1958 1923 2496 2006 praedicatores,
2532 1944 2670 1988 non
2711 1946 2830 1994 au-

583 2029 727 2084 tem
783 2017 1206 2084 sacerdotes.
1300 2017 1505 2100 Quod
1567 2039 1705 2082 non
1766 2019 2197 2094 sacerdoteS,
2247 2039 2453 2084 causa
2498 2028 2630 2095 est,
2676 2021 2833 2102 quia

581 2115 1043 2180 sacerdotium
1075 2115 1249 2179 caeli
1287 2124 1397 2178 est
1434 2133 1725 2198 regnum
1758 2113 2106 2191 caeleste;
2154 2115 2612 2178 sacerdotium
2651 2115 2831 2179 enim

581 2210 923 2294 significat
963 2210 1222 2277 bonum
1259 2199 1622 2274 amoris'in
1660 2208 2058 2284 Dominum,
2097 2211 2166 2272 in
2206 2230 2344 2293 quo
2382 2219 2542 2272 sunt
2582 2208 2682 2273 illi
2718 2212 2831 2293 qui

579 2309 647 2371 in
695 2327 781 2370 eo
823 2325 1086 2388 regno:
1144 2307 1407 2388 regium
1455 2313 1690 2370 autem
1730 2305 1904 2370 caeli
1950 2313 2059 2369 est
2096 2325 2387 2388 regnum
2424 2305 2827 2389 spirituale;

581 2404 840 2484 regium
881 2402 1063 2465 enim
1109 2399 1455 2484 significat
1500 2418 1741 2466 verum
1800 2419 1893 2463 ex
1948 2399 2156 2475 bone,
2204 2401 2275 2464 in
2332 2419 2470 2484 quo
2506 2408 2671 2464 sunt
2726 2398 2828 2464 illi

579 2501 694 2582 qui
730 2499 798 2561 in
836 2518 922 2564 eo
959 2516 1175 2580 regno
1225 2495 1572 2580 (videatur
1609 2515 1837 2578 supra,
1878 2515 1946 2559 n.
1984 2493 2232 2578 24).(³‘¹)

705 2607 886 2679 ²27.
947 2590 1346 2667 Doctrinae,
1395 2591 1773 2657 secundum
1819 2611 1991 2674 quas
2038 2589 2585 2677 praedicationes
2631 2587 2823 2665 flunt,

577 2708 818 2755 omnes
866 2687 1185 2773 spectant
1243 2690 1462 2752 vitam
1523 2696 1598 2751 ut
1658 2686 1886 2761 finem,
1928 2696 1999 2749 et
2060 2685 2249 2750 nulla
2306 2684 2510 2750 fidem
2566 2686 2825 2769 absque

577 2788 741 2850 vita.
790 2782 1122 2849 Doctrina
1153 2784 1377 2847 intimi
1409 2782 1584 2846 caeli
1617 2792 1728 2846 est
1762 2781 2027 2863 plenior
2048 2782 2387 2863 sapientia
2418 2800 2622 2863 quam
2656 2780 2822 2845 doc-

576 2882 756 2948 trina
781 2881 984 2946 medii
1004 2882 1198 2957 caeli,
1216 2891 1287 2944 et
1314 2880 1485 2943 haec
1513 2878 1779 2962 plenior
1799 2876 2263 2960 intelligentia
2287 2895 2487 2959 quam
2516 2873 2827 2941 doctrina

575 2978 795 3041 ultimi
835 2976 1008 3041 caeli
1041 2998 1057 3055 ;
1105 2974 1460 3039 doctrinae
1499 2976 1682 3038 enim
1730 2982 1892 3037 sunt
1930 2973 2361 3054 adaequatae
2395 2972 2823 3053 perceptioni

574 3073 976 3156 angelorum
1009 3072 1077 3136 in
1103 3071 1482 3154 unoquovis
1507 3069 1725 3134 caelo.
1815 3067 2210 3131 Essentiale
2236 3068 2541 3131 omnium
2566 3063 2820 3130 doctri-

576 3188 812 3233 narum
850 3177 960 3233 est
999 3186 1378 3249 agnoscere
1418 3164 1742 3228 Divinum
1783 3163 2181 3226 Humanum
2221 3161 2522 3226 Domini.

1368 3364 1445 3419 (ικ
1469 3374 1664 3406 aucun
1688 3366 2017 3421 cananum.)

684 3476 787 3546 (cc)
840 3472 1022 3547 Quod
1053 3488 1252 3529 amare
1291 3470 1624 3527 Dominum
1662 3478 1727 3525 et
1766 3468 2101 3540 proximum
2140 3466 2222 3523 sit
2256 3464 2459 3521 vivere
2488 3463 2819 3519 secundum

575 3557 890 3621 praecepta
905 3544 1149 3601 Domini
1168 3545 1249 3612 (n.
1274 3556 1460 3613 10143,
1483 3554 1668 3611 10153,
1694 3536 2096 3611 10310,10578,
2119 3536 2305 3606 10645,
2329 3535 2551 3605 106489
2582 3534 2819 3605 106831).

682 3658 820 3727 (dd)
873 3654 1052 3729 Quod
1083 3655 1428 3711 sacerdotes
1452 3649 2032 3725 repraesentaverint
2061 3646 2385 3703 Dominum
2414 3647 2612 3717 quoad
2654 3645 2823 3702 Divi-

575 3746 718 3785 num
749 3728 1004 3791 Bonum.
1031 3744 1201 3799 reges
1226 3725 1425 3797 quoad
1456 3724 1743 3779 Divinum
1764 3721 1989 3777 Verum
2013 3722 2093 3787 (n.
2124 3731 2279 3788 2015,
2309 3718 2494 3785 6148).

681 3800 862 3873 Quod
889 3800 1032 3855 inde
1058 3805 1089 3827 ‘⁴
1105 3798 1386 3859 sacerdos
1403 3795 1435 3816 ”
1463 3796 1522 3851 in
1551 3793 1754 3850 Verbo
1773 3790 2071 3865 significet
2096 3790 2231 3845 illos
2250 3789 2352 3861 qui
2382 3790 2441 3843 in
2470 3790 2631 3843 bono
2655 3802 2823 3843 amo-

575 3873 653 3927 ris
673 3872 732 3926 in
757 3870 1089 3926 Dominum
1111 3879 1270 3931 sunt,
1292 3869 1377 3922 ita
1396 3874 1429 3896 ‘⁴
1449 3865 1855 3921 sacerdotium
1878 3862 1908 3883 '⁹
1932 3862 2075 3918 illud
2098 3862 2325 3915 bonurn
2356 3862 2436 3929 (n.
2458 3858 2613 3928 9806,
2634 3858 2819 3928 9809).

681 3940 862 4015 Quod
889 3949 1041 3996 “rex
1061 3940 1092 3960 '¹
1119 3940 1180 3994 in
1207 3939 1410 3994 Verbo
1429 3938 1480 3993 si
1568 3936 1728 3991 ificet
1756 3935 1889 3990 illos
1915 3933 2017 4005 qui
2047 3932 2105 3987 in
2137 3930 2360 3987 Divino
2384 3946 2545 3993 vero,
2574 3930 2659 3985 ita
2678 3936 2711 3959 ·‘
2732 3944 2822 3985 re·

573 4014 737 4087 giurn
755 4014 786 4033 ”
811 4028 1021 4069 verum
1045 4028 1120 4069 ex
1145 4012 1309 4067 bono
1337 4013 1419 4079 (n.
1450 4024 1470 4063 1
1553 4023 1602 4070 2,
1630 4018 1787 4077 2015,
1815 4004 1971 4075 2069.
1995 4014 2101 4074 457
2112 4015 2157 4073 5,
2182 4002 2342 4073 4581,
2360 4000 2518 4073 4966,
2550 4002 2730 4073 5044).
