3371 5304
587 599 712 660 182
1227 608 1330 660 DE
1373 608 1628 660 CAELO
1675 609 1772 658 ET
1820 607 2187 658 INFERNO.

841 777 1209 906 ttabt-isgrtuiiurn2
1227 791 1420 906 ffixrum
1463 786 1722 840 tanquam
1765 777 1967 826 vitrum
2008 775 2334 839 pellucidum
2352 773 2381 792 ’⁹
2407 773 2547 837 (cap.
2569 775 2677 828 xxi.
2707 787 2749 832 ι.
2774 786 2821 832 2,

945 855 967 890 1
1035 879 1048 900 ,
1106 857 1154 906 9,
1217 855 1239 890 1
1291 877 1306 891 .

583 984 818 1048 Homo
855 985 967 1068 qui
1025 982 1198 1048 haec
1245 985 1442 1067 legit,
1481 1003 1621 1048 non
1680 984 1885 1048 aliter
1929 983 2051 1048 illa
2086 982 2417 1066 intelligit
2452 1003 2657 1067 quam
2710 1005 2819 1049 se·

581 1079 876 1144 cundum
907 1097 1184 1142 sensum
1215 1077 1514 1153 litterae,
1541 1098 1789 1161 nempe
1812 1078 1997 1161 quod
2030 1079 2404 1161 periturum
2435 1079 2525 1142 sit
2556 1077 2821 1142 caelum

580 1171 997 1257 aspeEtabile
1054 1191 1210 1236 cum
1253 1182 1460 1248 terra,
1507 1181 1580 1236 et
1640 1191 1894 1236 novum
1956 1171 2220 1236 caelum
2266 1173 2703 1248 exstiturum,
2746 1182 2823 1236 et

581 1270 763 1354 quod
825 1288 1027 1351 super
1086 1287 1337 1356 novam
1383 1277 1635 1333 terram
1663 1269 2095 1332 'descensura
2150 1267 2244 1331 sit
2302 1264 2545 1332 sancta
2580 1268 2849 1332 civitas.

583 1363 1092 1444 Hierosolyma,
1141 1371 1215 1426 et
1271 1362 1455 1445 quod
1511 1361 1632 1426 illa
1683 1363 1909 1426 sutura
1962 1363 2053 1427 sit
2109 1362 2335 1446 quoad
2381 1381 2624 1425 omnes
2666 1383 2824 1426 suas

583 1477 934 1526 mensuras
971 1457 1346 1522 secundum
1387 1457 1946 1540 descriptionem.
2034 1455 2173 1521 Sed
2219 1457 2449 1538 angeli
2486 1458 2599 1540 qui
2642 1457 2823 1540 apud

581 1553 928 1618 hominem
965 1563 1147 1628 sunt,
1189 1572 1462 1634 prorsus
1497 1552 1702 1616 aliter
1736 1551 1855 1616 illa
1910 1551 2333 1633 intelligunt,
2374 1569 2642 1632 nempe,
2684 1550 2824 1613 sin-

581 1648 746 1731 gula
767 1648 1211 1732 spiritualiter
1234 1668 1405 1730 quae
1432 1648 1644 1712 homo
1670 1649 2097 1712 naturaliter.
2178 1646 2305 1711 Per
2332 1652 2372 1680 ‘⁴
2389 1666 2640 1712 novum
2663 1664 2823 1709 cae-

581 1744 722 1808 lum
767 1753 841 1808 et
887 1763 1137 1807 novam
1175 1753 1434 1806 terram
1454 1741 1486 1767 ”
1520 1742 1923 1824 intelligunt
1960 1761 2212 1805 novam
2248 1741 2656 1818 ecclesiam;
2706 1759 2824 1821 per

585 1840 1000 1903 “civitatem
1033 1835 1589 1916 Hierosolymam
1628 1837 2169 1900 descendentem
2205 1857 2250 1900 a
2294 1837 2447 1901 Deo
2482 1857 2521 1900 e
2566 1833 2822 1910 cae10,”

579 1933 978 2014 intelligunt
1004 1932 1380 1997 caelestem
1413 1930 1558 2012 ejus
1581 1928 1965 1995 doctrinam
1988 1931 2369 1996 revelatam
2402 1951 2443 1994 a
2476 1929 2775 1993 Domino
2799 1948 2820 2006 3

580 2047 702 2111 per
728 2024 1346 2110 “longitudinem,”
1381 2025 1937 2101 “latitudinem,”
1966 2034 2041 2089 et
2076 2025 2571 2089 “altitudinem
2590 2023 2623 2049 ’³
2654 2023 2818 2105 ejuS,

581 2143 754 2205 quae
801 2119 1143 2203 aequales,
1184 2130 1257 2185 et
1303 2120 1669 2184 duodecim
1716 2119 1933 2184 millia
1974 2121 2375 2196 stadiorum,
2423 2119 2822 2202 intelligunt

581 2217 813 2280 omnia
869 2215 1054 2279 bona
1111 2225 1182 2279 et
1234 2236 1395 2279 vera
1447 2215 1626 2278 illius
1678 2212 2033 2278 doctrinae
2092 2216 2161 2278 in
2222 2215 2635 2296 complexu;
2702 2233 2823 2296 per

585 2309 953 2374 “murum”
985 2308 1128 2391 ejus
1167 2311 1566 2391 intelligunt
1603 2330 1766 2375 vera
1802 2310 2110 2374 tutantia
2136 2310 2367 2389 illam;
2412 2330 2535 2393 per
2566 2314 2823 2374 “men-

579 2423 806 2468 suram
847 2405 1016 2468 muri
1052 2415 1330 2468 centum
1361 2404 1824 2487 quadraginta
1854 2413 2147 2488 quatuor
2174 2403 2619 2480 cubitorum,”
2647 2425 2823 2488 quae

586 2505 964 2563 “mensura
994 2498 1310 2574 hominis,
1343 2501 1475 2563 hoc
1519 2509 1650 2574 est,
1687 2498 1977 2582 angeli,”
2010 2500 2411 2582 intelligunt
2440 2501 2671 2564 omnia
2706 2500 2824 2563 illa

581 2613 746 2658 vera
781 2594 1086 2659 tutantia
1121 2593 1190 2655 in
1227 2592 1621 2675 complexu,
1659 2603 1735 2658 et
1772 2593 1974 2678 quale
2012 2613 2245 2659 eorum
2276 2614 2293 2673 ·,·
2340 2615 2463 2679 per
2496 2595 2819 2659 “duode-

582 2688 716 2752 cim
775 2686 1056 2770 portas”
1114 2686 1258 2769 ejus
1320 2709 1497 2772 quae
1563 2710 1656 2753 ex
1724 2691 2134 2772 margaritis,
2195 2690 2596 2773 intelligunt
2661 2711 2823 2754 vera

582 2781 1117 2858 introducentia,
1157 2783 1638 2865 “margaritae
1654 2783 1689 2809 ’⁹
1724 2786 1938 2848 etiam
1974 2782 2365 2865 significant
2404 2785 2573 2848 talia
2613 2806 2821 2866 vera;

583 2895 706 2957 per
739 2876 1246 2945 “fundamenta
1283 2878 1454 2941 muri
1473 2876 1505 2903 '⁹
1533 2897 1709 2960 quae
1744 2899 1837 2942 ex
1874 2878 2214 2959 lapidibus
2245 2879 2582 2960 pretiosis,
2616 2879 2821 2944 intel·

583 2968 808 3051 ligunt
867 2972 1306 3051 cognitiones
1362 2990 1566 3052 super
1621 2973 1865 3054 quibus
1911 2969 2224 3037 doctrina
2284 2971 2403 3035 illa
2462 2972 2821 3052 fundatur;

583 3082 706 3145 per
743 3068 1034 3126 “aurum
1081 3063 1300 3127 simile
1336 3065 1517 3128 vitro
1561 3064 1792 3147 pur0,”
1826 3086 1921 3130 ex
1964 3086 2101 3149 quo
2138 3066 2381 3130 civitas
2424 3076 2497 3130 et
2554 3088 2645 3131 ex
2690 3088 2825 3150 quo

583 3156 816 3240 platea
874 3157 1036 3238 ejuS,
1085 3158 1486 3241 intelligunt
1548 3159 1805 3224 bonum
1865 3162 2140 3236 amoris,
2178 3182 2271 3224 ex
2330 3180 2467 3243 quo
2523 3162 2825 3245 pellucet

583 3247 894 3315 doetrina
929 3270 1084 3315 cum
1121 3253 1260 3315 suis
1295 3254 1492 3317 veris.
1582 3253 1695 3316 Ita
1730 3254 2115 3335 percipiunt
2151 3254 2381 3337 angeli
2418 3256 2649 3319 omnia
2682 3256 2822 3331 illa,

583 3346 869 3428 proinde
932 3365 1070 3408 non
1133 3348 1312 3410 sicut
1369 3344 1625 3423 homo;
1694 3348 1889 3411 ideae
1952 3348 2247 3411 hominis
2312 3348 2663 3412 naturales
2726 3352 2827 3415 ita

584 3448 944 3503 transeunt
991 3442 1058 3503 in
1103 3440 1294 3503 ideas
1329 3440 1718 3521 spirituales
1753 3441 1933 3523 apud
1978 3441 2291 3524 angelos,
2334 3452 2607 3523 praeter
2640 3444 2825 3526 quod

583 3534 805 3597 sciant
851 3532 1103 3618 aliquid
1151 3534 1238 3598 de
1281 3554 1490 3598 sensu
1537 3534 1813 3599 litterae
1860 3534 2098 3612 Verbi,
2146 3544 2223 3599 ut
2270 3536 2355 3599 de
2402 3556 2586 3601 novo
2630 3538 2825 3603 caelo

583 3638 656 3693 et
699 3629 786 3693 de
833 3648 1012 3692 nova
1049 3638 1250 3705 terra,
1289 3630 1379 3695 de
1417 3650 1595 3693 nova
1633 3631 1918 3694 civitate
1956 3630 2467 3711 Hierosolyma,
2506 3631 2593 3695 de
2634 3651 2827 3697 muro

584 3722 749 3804 ejus,
784 3724 869 3786 de
905 3722 1372 3787 fundamentis
1405 3725 1598 3801 muri,
1632 3744 1713 3787 ac
1751 3724 1837 3787 de
1876 3726 2228 3789 mensuris.
2318 3724 2557 3809 Usque
2590 3736 2824 3791 tamen

584 3817 985 3901 angelorum
1024 3818 1512 3901 cogitationes,
1552 3838 1759 3881 unum
1795 3818 2055 3884 faciunt
2093 3838 2249 3883 cum
2286 3820 2823 3902 cogitationibus

583 3913 901 3988 hominis,
949 3916 1106 3996 quia
1151 3915 1736 3994 correspondent;
1806 3933 2011 3978 unum
2056 3913 2316 3979 faciunt
2369 3934 2588 3998 paene
2648 3918 2823 3980 sicut

583 4028 789 4073 voces
835 4007 1180 4090 loquentis
1225 4019 1297 4073 et
1343 4005 1741 4072 intellectus
1776 4028 2009 4073 earum
2046 4008 2227 4093 apud
2273 4010 2668 4075 audientem
2711 4011 2827 4093 qui

585 4124 722 4167 non
760 4104 1067 4169 attendit
1112 4104 1200 4167 ad
1257 4124 1466 4167 voces
1511 4102 1632 4166 sed
1688 4102 1909 4167 solum
1968 4104 2058 4167 ad
2114 4101 2563 4169 intellectum.
2653 4104 2824 4167 Inde

584 4207 808 4278 patet,
835 4199 1183 4280 quomodo
1214 4198 1480 4262 caelum
1513 4198 1953 4280 conjungitur
1987 4217 2143 4261 cum
2174 4196 2453 4262 homine
2488 4218 2611 4281 per
2646 4198 2823 4263 Ver·

581 4294 763 4357 bum.
851 4292 956 4359 Sit
992 4294 1216 4360 adhuc
1251 4293 1651 4377 exemplum
1688 4314 1781 4357 ex
1818 4291 2078 4370 Verbo,

680 4446 794 4499 “ln
818 4449 907 4499 die
935 4448 1030 4499 illo
1053 4451 1156 4501 erit
1179 4450 1374 4501 semita
1399 4452 1472 4500 ab
1497 4450 1751 4515 Aegypto
1785 4450 1854 4499 ad
1884 4450 2203 4509 Aschnrem,
2229 4458 2287 4500 et
2312 4450 2499 4500 veniet
2525 4450 2739 4500 Aschur
2764 4450 2819 4499 in

843 4516 1170 4580 Aegyptum,
1203 4526 1260 4567 et
1295 4518 1578 4581 Aegyptus
1613 4518 1668 4565 in
1708 4516 2025 4573 Aschurem,
2060 4524 2116 4565 et
2148 4516 2391 4565 servient
2424 4515 2684 4579 Aegyptii
2718 4516 2823 4565 As-

843 4582 992 4633 churi
1017 4600 1030 4633 :
1066 4582 1122 4633 in
1147 4583 1233 4633 die
1252 4582 1345 4633 illo
1363 4584 1465 4633 erit
1494 4582 1660 4632 Israel
1687 4583 1878 4632 tertius
1900 4581 2153 4645 Aegypto
2170 4590 2226 4631 et
2252 4580 2499 4639 Aschurl,
2516 4578 2823 4632 benediciio
