3371 5304
550 655 677 705 202
1200 648 1303 699 DE
1348 646 1603 699 cal-:Lo
1650 648 1748 697 ET
1795 645 2160 700 INFERNO.

546 826 617 889 in
658 823 960 898 caelum,
998 828 1073 885 et
1109 818 1245 884 hoc
1283 818 1808 902 incomparabili
1843 818 2214 903 prudentia
2252 828 2324 881 et
2363 819 2680 902 pietate;
2729 833 2808 887 et

546 921 736 1005 quod
783 914 1101 982 infantile
1146 924 1321 989 erat,
1370 913 1705 978 funiculos
1749 913 1890 978 sere
1936 914 2446 994 inconspicuOS,
2497 915 2804 981 mollius-

548 1015 745 1083 culos
782 1022 853 1077 et
894 1010 1302 1075 tenerrimos
1334 1008 1826 1084 demittebant,
1860 1008 2104 1091 quibus
2140 1008 2514 1075 Dominum
2548 1011 2804 1076 alleva-

553 1124 707 1180 rent
750 1111 819 1174 in
865 1124 1201 1183 ascensu;
1262 1122 1535 1186 semper
1580 1104 1651 1166 in
1699 1098 1942 1166 sancto
1991 1103 2261 1178 timore,
2305 1123 2392 1165 ne
2445 1107 2804 1187 quicquam

554 1213 619 1273 ln
657 1199 1249 1288 repraesentativo
1282 1199 1664 1279 attingeret
1704 1197 1957 1281 aliquid
2001 1198 2069 1259 in
2111 1218 2248 1280 quo
2283 1218 2422 1262 non
2455 1199 2805 1281 spirituale

551 1303 873 1368 caeleste.
962 1294 1244 1361 Praeter
1278 1293 1415 1355 alia
1453 1293 2078 1374 repraesentativa,
2123 1294 2192 1355 in
2239 1294 2482 1377 quibus
2519 1306 2700 1370 sunt,
2734 1306 2806 1359 et

552 1418 673 1481 per
709 1414 882 1479 quae
918 1393 987 1456 in
1026 1388 1462 1473 cognitiones
1503 1388 1643 1451 veri
1693 1397 1765 1451 et
1817 1384 2216 1451 affectiones
2255 1388 2438 1466 boni,
2473 1390 2650 1453 sicut
2687 1408 2806 1472 per

552 1492 753 1557 ludos
790 1489 1128 1555 infantum
1170 1484 1417 1548 animis
1462 1482 1870 1557 conformes,
1918 1482 2406 1565 perducuntur.

674 1584 884 1669 356.
944 1580 1185 1662 Qualis
1229 1578 1504 1641 illorum
1554 1586 1756 1641 tener
1805 1574 2206 1640 intellectus
2254 1586 2386 1655 est,
2434 1579 2646 1643 etiam
2690 1599 2801 1642 os·

551 1694 827 1748 tensum
864 1688 995 1742 est.
1085 1675 1255 1739 Cum
1294 1670 1702 1737 Orationem
1745 1673 2024 1736 Domini
2066 1694 2354 1750 orarem,
2394 1684 2468 1738 et
2503 1674 2602 1739 illl
2639 1683 2802 1738 tunc

552 1782 623 1842 in
658 1776 850 1841 ideas
888 1770 1337 1855 cogitationis
1385 1788 1578 1833 meae
1625 1768 1986 1832 influerent
2031 1789 2123 1831 ex
2169 1789 2295 1831 suo
2331 1765 2800 1842 intellectuali,

552 1868 1144 1957 appercipiebatur
1181 1864 1365 1948 quod
1415 1862 1712 1927 influxus
1763 1882 2000 1927 eorum
2051 1874 2238 1929 esset
2299 1874 2445 1927 tam
2491 1874 2686 1927 tener
2729 1872 2802 1926 et

555 1967 807 2041 mollis,
858 1973 931 2027 ut
990 1980 1207 2044 paene
1256 1969 1445 2023 esset
1492 1958 1706 2021 solius
1755 1956 2175 2039 affectionis3
2247 1968 2320 2023 et
2374 1957 2579 2022 simul
2639 1966 2802 2022 tunc

554 2060 1073 2131 observabatur,
1136 2054 1319 2138 quod
1380 2051 1854 2119 intellectuale
1917 2074 2152 2117 eorum
2218 2065 2408 2118 esset
2487 2066 2802 2136 apertum

554 2178 767 2241 usque
806 2174 847 2218 a
883 2152 1207 2225 Domino,
1249 2168 1409 2213 nam
1450 2157 1599 2213 erat
1642 2150 1819 2211 sicut
1854 2146 2267 2211 transfluens
2304 2149 2486 2232 quod
2525 2150 2612 2213 ab
2649 2148 2802 2213 illis.

562 2252 892 2318 Dominus
930 2249 1141 2311 etiam
1202 2246 1268 2307 in
1328 2244 1665 2307 infantum
1718 2242 1908 2305 ideas
1948 2244 2349 2325 praeprimis
2407 2243 2498 2308 ab
2549 2245 2803 2309 intimis

553 2345 795 2419 influit,
837 2341 1001 2406 nihil
1048 2341 1227 2403 enim
1273 2337 1428 2401 illas
1475 2337 1738 2413 clausit,
1783 2337 1959 2401 sicut
2007 2338 2188 2418 apud
2235 2338 2560 2417 adultos;
2617 2338 2804 2403 nulla

554 2440 889 2527 principia
933 2435 1086 2498 falsi
1132 2435 1220 2497 ad
1258 2431 1791 2513 intelligendum
1830 2451 2087 2506 verum,
2139 2452 2268 2495 nec
2318 2434 2464 2497 vita
2509 2433 2672 2498 mali
2715 2435 2804 2498 ad

554 2533 1020 2619 recipiendum
1059 2530 1338 2603 bonum,
1391 2536 1462 2591 et
1518 2526 1610 2588 sic
1669 2526 1758 2589 ad
1807 2526 2233 2607 sapiendum.
2325 2526 2440 2591 Ex
2489 2528 2594 2593 his
2639 2549 2804 2593 con-

555 2641 742 2699 stare
777 2636 1035 2713 potest,
1071 2624 1252 2708 quod
1287 2621 1582 2686 infantes
1618 2639 1756 2684 non
1797 2618 1985 2685 illico
2020 2630 2180 2703 post
2217 2632 2512 2688 mortem
2553 2625 2620 2689 in
2659 2636 2804 2690 sta-

556 2738 705 2794 tum
742 2723 1135 2806 angelicum
1168 2719 1473 2792 veniant,
1516 2715 1639 2778 sed
1680 2714 1863 2798 quod
1905 2735 2024 2798 per
2062 2718 2503 2798 cognitiones
2535 2721 2697 2784 boni
2734 2731 2804 2784 et

554 2822 699 2887 veri
745 2818 1131 2882 successive
1179 2811 1728 2884 introducantur,
1781 2819 1855 2873 et
1917 2810 2050 2873 hoc
2105 2813 2484 2876 secundum
2530 2832 2802 2878 omnem

554 2917 867 2982 ordinem
916 2912 1341 2986 caelestem3
1397 2923 1556 2970 nam
1598 2905 1903 2968 omnium
1953 2905 2235 2968 minima
2275 2927 2512 2972 eorum
2560 2909 2809 2974 indolis

552 3010 856 3074 Domino
922 3015 1089 3070 nota
1153 3011 1334 3076 sunt,
1404 3019 1615 3082 quare
1674 3000 2053 3063 secundum
2107 3001 2340 3064 omnia
2399 3014 2472 3069 et
2541 3004 2808 3088 singula

556 3113 911 3169 momenta
970 3117 1205 3166 eorum
1264 3095 1735 3159 inclinationis
1784 3097 2129 3160 ducuntur
2185 3099 2276 3162 ad
2341 3100 2808 3182 recipiendum

552 3219 721 3264 vera
754 3199 915 3262 boni
959 3205 1033 3261 et
1076 3195 1259 3258 bona
1296 3190 1457 3254 veri.

682 3307 876 3378 33¹7.
936 3287 1305 3372 Quomodo
1342 3285 1575 3350 omnia
1612 3284 1748 3348 illis
1781 3285 2212 3350 insinuantur
2249 3307 2371 3370 per
2399 3287 2700 3372 jucunda
2735 3303 2808 3358 et

555 3407 869 3462 amoena,
910 3403 1085 3468 quae
1119 3382 1326 3464 genio
1357 3400 1591 3444 eorum
1634 3381 2082 3454 conveniunt,
2121 3381 2286 3446 mihi
2323 3385 2536 3448 etiam
2567 3397 2808 3450 osten·

556 3503 705 3550 sum
752 3490 899 3546 est:
968 3479 1205 3542 datum
1252 3477 1435 3540 enim
1496 3484 1606 3540 est
1668 3475 1902 3540 videre
1951 3475 2252 3540 infantes
2297 3479 2809 3546 decoratissime

556 3577 865 3650 amietos,
912 3576 1168 3639 circum
1214 3569 1454 3656 pectus
1502 3571 1705 3636 sertis
1755 3570 1993 3635 florum
2051 3593 2144 3636 ex
2192 3575 2693 3640 amoenissimis
2736 3586 2810 3641 et

556 3672 973 3740 caelestibus
1018 3669 1359 3734 coloribus
1410 3669 2070 3753 splendescentium,
2123 3679 2196 3732 et
2244 3690 2512 3752 quoque
2556 3673 2808 3736 circum

556 3779 797 3835 tenera
834 3784 1069 3830 eorum
1106 3764 1403 3829 brachia.
1498 3763 1868 3847 Quondam
1909 3764 2120 3828 etiam
2155 3764 2390 3829 videre
2428 3764 2665 3829 datum
2703 3777 2810 3830 est

556 3863 850 3928 infantes
896 3877 1049 3923 cum
1096 3860 1603 3924 educatricibus
1650 3881 1788 3924 una
1852 3878 2007 3924 cum
2056 3860 2433 3942 virginibus
2491 3859 2560 3924 in
2605 3861 2811 3926 horto

556 3957 1000 4042 paradisiace,
1050 3975 1189 4020 non
1234 3956 1333 4018 ita
1378 3977 1471 4019 ex
1517 3957 1894 4032 arbor-ibus,
1949 3958 2070 4022 sed
2111 3977 2204 4021 ex
2253 3957 2575 4021 transtris
2619 3958 2812 4042 quasi

556 4051 827 4126 laureis,
875 4061 948 4113 et
1013 4051 1110 4113 sic
1156 4051 1557 4133 porticibus,
1608 4053 2078 4130 ornatissimo,
2135 4075 2290 4118 cum
2339 4055 2465 4116 viis
2509 4052 2812 4116 adituum

554 4167 794 4213 versus
852 4146 1199 4220 interiora,
1257 4154 1328 4209 et
1395 4145 1583 4227 ipsos
1643 4147 1944 4214 infantes
2005 4153 2321 4218 similiter
2376 4162 2542 4215 tunc
2602 4149 2813 4212 amic-

557 4251 718 4321 tos;
784 4249 857 4306 et
910 4259 1065 4303 cum
1119 4239 1497 4313 intrabant,
1546 4239 1865 4308 floretum
1915 4267 2118 4329 supra
2176 4252 2530 4315 introitum
2579 4245 2814 4310 laetis·

558 4339 729 4402 sime
760 4333 1410 4417 exsplendescebat.
1503 4334 1674 4399 Inde
1706 4339 1947 4421 quales
1979 4342 2114 4406 illis
2151 4345 2459 4424 deliciae,
2495 4357 2815 4412 constare

560 4440 817 4514 potest,
852 4439 1005 4492 tum
1045 4427 1227 4509 quod
1266 4447 1386 4508 per
1418 4447 1713 4493 amoena
1746 4443 1818 4496 et
1850 4431 2148 4514 jucunda
2181 4441 2714 4510 introducantur
2749 4443 2815 4506 in

558 4525 742 4587 bona
769 4521 1207 4585 innocentiae
1240 4531 1312 4584 et
1348 4521 1740 4598 charitatis,
1769 4545 1945 4608 quae
1965 4529 2149 4596 bona
2173 4531 2489 4616 jucundis
2523 4549 2594 4606 et
2626 4561 2816 4606 amo-

562 4616 711 4680 enis
749 4613 887 4679 illis
915 4612 1177 4694 jugiter
1214 4633 1257 4678 a
1295 4613 1595 4680 Domino
1634 4616 2086 4686 insinuantur.
