3371 5304
856 627 956 679 DE
1005 626 1364 692 LOQUELA
1412 629 1894 683 ANGELORUM
1941 631 2099 684 CUM
2149 631 2481 684 HOMINE.
2666 635 2779 702 145

663 813 856 884 253·
915 799 1018 865 Ut
1057 801 1316 865 sciatur
1350 801 1572 884 qualis
1610 801 2003 884 conjunctio
2034 803 2437 886 angelorum
2478 815 2549 869 et
2583 806 2779 886 spiri·

536 903 723 960 tuum
755 905 863 960 est
889 915 1043 960 cum
1071 896 1370 971 homine,
1409 896 1570 961 licet
1603 899 1851 962 referre
1884 900 2109 982 aliqua
2136 910 2519 964 memoratu
2545 901 2777 983 digna,

534 1011 622 1054 ex
656 992 900 1074 quibus
937 992 1004 1054 id
1043 991 1368 1057 illustrari
1405 1003 1474 1056 et
1510 993 1831 1057 concludi
1872 1003 2127 1076 potest.
2220 993 2519 1077 Quando
2550 997 2779 1078 angeli

535 1097 606 1151 et
653 1089 928 1170 spiritus
983 1107 1056 1152 se
1102 1098 1522 1152 convertunt
1572 1089 1660 1152 ad
1719 1089 2091 1164 hominem,
2127 1099 2291 1154 tunc
2355 1110 2489 1155 non
2550 1093 2778 1155 sciunt

534 1182 732 1246 aliter
767 1202 970 1265 quam
1008 1184 1190 1265 quod
1227 1183 1522 1246 hominis
1561 1182 1793 1265 lingua
1832 1203 1951 1246 sua
1990 1186 2101 1258 sit,
2141 1194 2213 1248 et
2248 1186 2431 1268 quod
2468 1185 2602 1248 illis
2642 1205 2776 1249 non

535 1278 702 1352 alia;
750 1297 958 1341 causa
995 1287 1124 1352 est,
1167 1279 1322 1359 quia
1361 1287 1526 1342 tunc
1573 1280 1638 1341 in
1690 1279 1987 1342 hominis
2027 1278 2261 1362 lingua
2296 1290 2479 1355 sunt,
2520 1292 2593 1345 et
2641 1301 2775 1345 non

530 1373 595 1434 in
631 1392 774 1446 sua,
802 1371 988 1453 cujus
1015 1393 1141 1437 nec
1169 1373 1658 1438 recordantur:
1708 1382 1785 1437 ut
1817 1375 2107 1456 primum
2133 1386 2363 1438 autem
2391 1397 2464 1439 se
2489 1395 2773 1440 conver-

532 1478 690 1532 tunt
737 1469 826 1532 ab
861 1469 1162 1544 homine,
1203 1477 1368 1532 tunc
1414 1469 1482 1531 in
1529 1489 1652 1532 sua
1696 1468 2013 1551 angelica
2058 1478 2130 1533 et
2175 1471 2508 1554 spirituali
2548 1471 2777 1554 lingua

529 1575 707 1636 sunt,
743 1583 869 1628 nec
909 1564 1134 1627 sciunt
1166 1565 1528 1647 quicquam
1566 1564 1654 1628 de
1694 1564 1928 1646 lingua
1958 1564 2273 1629 hominis.
2362 1564 2597 1630 Simile
2633 1568 2771 1630 sac-

529 1668 674 1722 tum
721 1667 831 1723 est
879 1678 1170 1734 mecum,
1211 1678 1364 1722 cum
1413 1660 1480 1722 in
1526 1661 1881 1723 consortio
1924 1659 2015 1722 sui
2062 1680 2214 1724 cum
2260 1660 2547 1742 angelis»,
2590 1670 2660 1725 et
2704 1663 2773 1725 in

529 1753 730 1816 simili
767 1762 956 1818 statu
1002 1773 1155 1817 cum
1203 1753 1376 1831 illis;
1439 1764 1602 1818 tunc
1642 1773 1913 1837 quoque
1952 1754 2222 1818 locutus
2260 1774 2409 1818 sum
2448 1775 2601 1820 cum
2641 1755 2775 1820 illis

527 1870 648 1913 sua
685 1849 941 1931 lingua,
977 1869 1102 1912 nec
1143 1849 1307 1912 scivi
1339 1849 1699 1931 quicquam
1736 1850 2035 1924 de'mea,
2070 1848 2259 1930 cujus
2298 1869 2422 1913 nec
2454 1852 2773 1915 recorda-

526 1955 637 2008 tus
674 1963 862 2021 sum;
912 1953 987 2007 ut
1027 1945 1316 2026 psimum
1355 1953 1588 2008 autem
1630 1963 1767 2007 non
1805 1962 1961 2006 cum
2000 1942 2132 2006 illis
2170 1945 2236 2006 in
2269 1947 2622 2010 consortio
2656 1945 2768 2020 fui.

525 2041 592 2104 in
639 2059 792 2103 mea
838 2039 1070 2120 lingua
1108 2058 1316 2102 eram.
1407 2037 1798 2102 Memoratu
1836 2038 2041 2101 etiam
2082 2039 2363 2120 dignum
2409 2050 2538 2115 est,
2587 2043 2769 2124 quod

525 2154 676 2198 cum
723 2133 954 2215 angeli
999 2144 1070 2198 et
1117 2134 1394 2214 spiritus
1439 2154 1514 2196 se
1559 2143 1974 2198 convertunt
2022 2134 2107 2198 ad
2163 2133 2535 2211 hominem,
2586 2135 2769 2218 loqui

525 2230 790 2310 possint
828 2249 980 2293 cum
1019 2228 1136 2293 illo
1172 2229 1260 2293 ad
1298 2248 1574 2292 omnem
1613 2228 2063 2304 distantiam3
2113 2227 2325 2292 locuti
2362 2231 2571 2294 etiam
2609 2241 2767 2294 sunt

525 2343 790 2388 mecum
827 2344 864 2386 e
899 2323 1276 2406 longinquo
1305 2344 1522 2406 aeque
1553 2343 1801 2387 sonore
1833 2323 2008 2387 sicut
2048 2324 2115 2386 in
2148 2325 2567 2408 propinquo;
2614 2345 2767 2390 cum

525 2430 754 2484 autem
802 2439 876 2484 se
930 2429 1345 2484 convertunt
1404 2420 1495 2483 ab
1538 2419 1839 2494 homine,
1880 2439 1958 2483 ac
2004 2420 2185 2483 inter
2242 2441 2316 2484 se
2376 2419 2765 2502 loquuntur,

525 2517 704 2600 quod
744 2535 1020 2599 prorsus
1058 2514 1222 2578 nihil
1270 2515 1584 2579 audiatur
1630 2513 1719 2577 ab
1763 2513 2041 2577 homine
2076 2515 2237 2597 quid
2286 2514 2672 2598 loquuntur,
2714 2513 2769 2579 si

524 2611 632 2676 vel
677 2612 746 2675 id
791 2611 970 2676 soret
1000 2610 1206 2693 juxta
1243 2611 1462 2694 ipsam
1500 2629 1773 2674 aurem:
1828 2609 1988 2673 inde
2026 2610 2275 2691 patuit,
2315 2610 2498 2694 quod
2545 2611 2768 2675 omnis

525 2705 910 2789 conjunctio
947 2708 1013 2770 in
1046 2706 1377 2790 spirituali
1410 2706 1666 2770 mundo
1699 2706 1787 2769 sit
1820 2705 2193 2769 secundum
2228 2707 2767 2770 conversionem.

525 2802 828 2885 Dignum
874 2804 1082 2867 etiam
1131 2812 1513 2866 memoratu
1559 2810 1691 2876 est,
1740 2802 1923 2883 quod
1986 2800 2214 2883 plures
2258 2800 2455 2864 simul
2502 2804 2769 2882 possint

525 2898 709 2981 loqui
756 2917 910 2962 cum
957 2897 1258 2973 homine,
1299 2907 1372 2961 et
1416 2896 1627 2960 homo
1672 2916 1828 2959 cum
1868 2895 2045 2973 illis;
2094 2897 2379 2959 mittunt
2416 2898 2597 2960 enim
2644 2898 2767 2960 ali-

521 3013 724 3077 quem
756 2994 1066 3075 spiritum
1103 3014 1144 3055 a
1181 3013 1254 3056 se
1293 2992 1380 3055 ad
1417 2992 1792 3065 hominem,
1827 3010 1979 3055 eum
2012 3011 2149 3073 quo
2182 2990 2365 3072 loqui
2399 2990 2662 3068 volunt,
2697 3003 2767 3056 et

521 3091 798 3173 spiritus
842 3089 1130 3152 emissus
1183 3108 1256 3151 se
1309 3087 1654 3151 convertit
1706 3088 1800 3151 ad
1856 3086 2068 3161 illum,
2118 3095 2189 3149 et
2250 3086 2477 3168 plures
2522 3085 2619 3151 illi
2676 3087 2765 3150 ad

523 3204 715 3248 suum
753 3184 1087 3267 spiritum,
1128 3193 1199 3246 et
1246 3183 1342 3245 sic
1388 3191 1846 3246 concentrant
1885 3201 2041 3244 suas
2077 3182 2562 3262 cogitationes,
2601 3200 2768 3265 quas

521 3280 794 3361 spiritus
831 3278 1086 3360 profert
1121 3299 1136 3355 ;
1185 3277 1461 3359 spiritus
1499 3288 1664 3341 tunc
1715 3296 1851 3339 non
1898 3274 2100 3340 aliter
2144 3277 2297 3351 scit,
2338 3296 2542 3357 quam
2580 3277 2765 3359 quod

522 3378 666 3457 ipse
705 3374 1024 3457 loquatur
1059 3394 1150 3437 ex
1189 3393 1285 3447 se,
1325 3383 1398 3437 et
1437 3371 1535 3436 illi
1575 3392 1715 3436 non
1753 3372 1955 3436 aliter
1992 3390 2197 3453 quam
2235 3371 2417 3453 quod
2456 3373 2623 3451 ipsi;
2670 3372 2767 3436 ita

522 3470 597 3535 fit
635 3468 1024 3553 conjunctio
1057 3468 1344 3551 plurium
1378 3488 1532 3531 cum
1571 3488 1706 3531 uno
1737 3469 1943 3531 etiam
1977 3486 2096 3549 pei·
2119 3463 2763 3529 conversionem.('“‘

523 3566 659 3631 Sed
707 3568 792 3630 de
840 3564 1203 3646 Spiritibus
1240 3564 1345 3627 his
1384 3564 1773 3639 emissariiS,
1814 3564 1927 3645 qui
1972 3563 2179 3625 etiam
2217 3570 2553 3625 vocantur
2589 3560 2762 3625 Sub·

513 3660 716 3745 jecta,
743 3672 815 3727 et
849 3662 938 3726 de
967 3660 1596 3725 communicatione
1627 3678 1750 3741 pei·
1783 3658 1960 3733 illos,
1996 3660 2063 3720 in
2098 3657 2541 3741 sequentibus
2573 3656 2763 3740 plura

522 3757 852 3821 dicentur.

645 3852 844 3937 256.
903 3850 1064 3915 Non
1103 3850 1266 3914 licet
1300 3848 1500 3914 alicui
1531 3846 1787 3932 angelo
1816 3856 1887 3913 et
1922 3848 2184 3931 spiritui
2225 3846 2407 3930 loqui
2444 3866 2599 3911 cum
2636 3846 2761 3911 ho·

522 3948 701 4011 mine
746 3967 836 4010 ex
883 3967 1005 4010 sua
1049 3946 1400 4021 memoria,
1441 3945 1562 4008 sed
1611 3965 1701 4008 ex
1749 3943 2087 4022 hominis3
2149 3942 2417 4024 angelis
2463 3942 2644 4005 enim
2691 3950 2762 4005 et

1320 4164 1398 4216 (α
1423 4174 1618 4206 Ateium
1641 4163 1966 4215 estaminia.)

629 4269 756 4337 (un)
869 4266 990 4322 uod
1028 4265 1274 4337 spiritus
1303 4282 1340 4321 a
1369 4265 1760 4321 societatibus
1790 4280 1819 4319 s
1864 4265 2109 4319 irituum
2140 4264 2341 4319 emissi
2379 4264 2455 4319 ad
2486 4264 2636 4321 alias
2666 4278 2766 4319 so·

524 4340 774 4395 cietates
843 4347 1082 4393 icantur
1101 4335 1372 4423 subjecta
1406 4338 1486 4421 (n.
1511 4335 1799 4461 4403,385
1836 4336 1881 4419 ):
1916 4405 1929 4420 .
2066 4406 2080 4419 ·

687 4410 808 4465 uod
835 4418 1411 4465 communicationes
1441 4424 1500 4461 in
1533 4422 1676 4461 mun
1723 4422 1763 4461 o
1787 4406 2083 4478 spirituali
2110 4405 2257 4461 fiant
2282 4421 2389 4477 pei·
2411 4405 2567 4461 tales
2589 4406 2766 4462 emis·

521 4496 711 4537 sai-ios
735 4480 990 4607 ⁵3¹⁶&ss
1008 4481 1090 4548 (η.
1116 4492 1277 4548 4403.
1307 4478 1461 4562 5856..
1490 4478 1670 4548 5983).
1800 4556 1828 4603 t
1872 4546 1887 4561 .
2072 4546 2120 4602 ,ι
2382 4547 2441 4601 b·
2482 4545 2540 4601 ἃ

523 4556 2091 4694 comte?exsgfiggg.eguffiisfigsssaffibffieegisffizeae
2118 4562 2599 4689 (grg98331-33875’
2642 4563 2763 4603 non
