3371 5304
548 565 666 640 184
1177 571 1281 624 DE
1324 569 1582 623 cauo
1628 571 1725 622 ετ
1773 569 2139 622 mrnnno.

543 744 798 821 Homo,
838 763 1114 830 prorsus
1149 744 1328 810 sicut
1365 742 1631 810 caelum
1673 741 1791 828 (de
1826 759 1965 828 quo
2000 761 2225 826 supra,
2262 761 2329 808 n.
2375 741 2609 828 59-72)
2640 763 2659 823 ;
2704 751 2786 808 at

539 839 834 906 ecclesia
879 839 991 903 ubi
1037 838 1347 906 Verbum
1391 848 1464 903 et
1510 859 1632 922 per
1674 839 1745 902 id
1792 837 2127 903 Dominus
2172 848 2402 915 notus,
2448 847 2557 904 est
2602 838 2787 902 sicut

539 955 660 999 cor
695 945 767 1000 et
805 935 981 999 sicut
1019 934 1252 1016 pulmo
1291 934 1361 997 in
1397 932 1521 997 illo
1557 933 1879 1012 homine3
1922 933 2106 1016 quod
2144 934 2379 996 omnia
2404 933 2672 998 viscera
2706 941 2785 997 et

539 1030 848 1095 membra
883 1027 1102 1093 totius
1138 1026 1444 1111 corporis
1479 1047 1571 1092 ex
1637 1028 1845 1093 corde
1890 1036 1963 1092 et
2021 1026 2349 1111 pulmone
2393 1047 2517 1111 per
2556 1027 2781 1094 varias

537 1125 1006 1190 derivationes
1050 1123 1264 1189 vitam
1305 1122 1610 1199 trahant,
1651 1132 1893 1188 notum
1939 1133 2092 1204 est;
2150 1124 2253 1188 ita
2296 1137 2565 1206 quoque
2610 1121 2781 1188 inud

537 1219 911 1286 humanum
947 1239 1188 1302 geum,
1230 1217 1415 1301 quod
1459 1226 1668 1282 extra
1712 1217 2083 1282 ecclesiam
2130 1218 2245 1283 ubi
2289 1215 2597 1282 Verbum
2642 1225 2779 1294 est,

536 1315 732 1388 vivit,
759 1324 829 1379 et
855 1315 1217 1380 constituit
1235 1313 1420 1377 illius
1442 1311 1741 1379 hominis
1758 1314 2089 1379 membra.
2176 1309 2588 1395 conjunctio
2604 1313 2782 1378 caeli

537 1427 663 1494 per
690 1408 994 1474 Verbum
1033 1427 1187 1473 cum
1223 1407 1360 1472 illis
1396 1409 1510 1491 qui
1547 1408 1834 1484 distant,
1872 1409 2086 1474 etiam
2122 1409 2505 1490 comparari
2541 1419 2779 1492 potest

538 1503 695 1580 luci,
728 1525 901 1588 quae
933 1525 972 1568 e
1002 1503 1230 1568 medio
1261 1511 1680 1586 propagatur
1710 1503 2149 1569 circumcirca
2176 1525 2194 1583 ς
2240 1501 2491 1568 Divina
2520 1503 2643 1568 lux
2672 1513 2783 1569 est

537 1601 610 1665 in
666 1599 925 1675 Verbo,
966 1617 1045 1662 ac
1105 1598 1196 1662 ibi
1258 1596 1598 1661 Dominus
1650 1615 1807 1661 cum
1860 1598 2059 1662 caelo
2104 1617 2454 1680 praesenS,
2492 1619 2587 1662 ex
2644 1619 2781 1683 qua

539 1691 930 1776 praesentia
972 1691 1179 1755 etiam
1223 1690 1569 1755 distantes
1633 1690 1707 1754 in
1772 1690 1925 1756 luce
1982 1701 2182 1771 sunt;
2248 1690 2454 1758 aliter
2498 1693 2675 1756 foret
2718 1693 2777 1758 si

539 1803 680 1849 non
722 1782 1052 1848 Verbum.
1143 1779 1340 1847 Haec
1400 1782 1695 1867 amplius
1754 1783 2083 1848 elucidari
2128 1792 2421 1866 possunt
2478 1803 2601 1866 per
2658 1785 2779 1850 illa

537 1898 713 1962 quae
749 1897 954 1960 supra
1005 1877 1094 1940 de
1145 1877 1366 1941 forma
1425 1877 1600 1942 caeli
1645 1878 2025 1942 secundum
2062 1897 2267 1961 quam
2312 1879 2774 1944 consociatio·

537 1991 663 2037 nes
698 1980 772 2036 et
808 1971 1470 2036 communicationes
1504 1971 1620 2046 ibi,
1655 1981 1940 2036 ostensa
1968 1981 2151 2036 sunt.
2238 1970 2375 2037 Sed
2413 1973 2545 2038 hoc
2582 1991 2779 2038 arca-

537 2086 701 2131 num
738 2064 1358 2148 comprehensibile
1407 2073 1514 2130 est
1555 2065 1693 2130 illis
1738 2067 1851 2149 qui
1906 2067 1977 2130 in
2022 2065 2360 2149 spirituali
2400 2067 2552 2131 luce
2588 2077 2775 2144 sunt,

538 2181 678 2226 non
729 2170 964 2224 autem
1020 2159 1154 2222 illis
1203 2159 1314 2242 qui
1364 2159 1587 2224 solum
1649 2161 1719 2222 in
1766 2160 2106 2239 naturali;
2170 2179 2331 2224 nam
2387 2161 2485 2226 illi
2536 2162 2649 2244 qul
2704 2161 2773 2226 in

537 2255 690 2320 luce
733 2253 1067 2337 spirituali
1126 2262 1311 2328 sunt,
1357 2253 1883 2319 innumerabilia
1926 2255 2109 2320 clare
2153 2253 2419 2331 vident,
2456 2275 2633 2338 quae
2677 2256 2775 2320 illi

537 2351 652 2434 qui
705 2350 930 2415 solum
993 2349 1064 2411 in
1128 2345 1282 2412 luce
1335 2348 1632 2412 naturali
1690 2358 1851 2414 sunt
1910 2367 2049 2412 non
2102 2349 2367 2426 vident,
2422 2357 2543 2414 aut
2597 2350 2774 2416 sieut

537 2464 744 2509 unum
779 2445 1143 2508 obscurum
1179 2441 1439 2508 vident.

660 2553 874 2620 309.
932 2537 1081 2600 Nisi
1117 2536 1262 2601 tale
1299 2535 1606 2602 Verbum
1653 2538 1725 2602 in
1769 2537 1900 2604 hac
1938 2537 2187 2604 tellure
2230 2537 2471 2604 datum
2506 2537 2772 2618 suisset,

533 2631 744 2697 homo
762 2631 972 2714 ’hujus
1009 2629 1276 2697 telluris
1311 2641 1672 2712 separatus
1694 2631 1931 2699 suisset
1967 2654 2010 2699 a
2046 2632 2264 2711 caelo,
2296 2642 2372 2698 et
2402 2633 2457 2697 si
2494 2654 2773 2718 separa·

533 2736 648 2793 tus
692 2748 736 2792 a
776 2727 975 2792 caelo
1011 2746 1150 2790 non
1195 2725 1488 2806 amplius
1531 2727 1890 2791 rationalis
1934 2738 2165 2807 esset3
2210 2729 2551 2793 rationale
2586 2730 2771 2794 enim

532 2821 907 2887 humanum
965 2821 1212 2886 existit
1271 2840 1364 2885 ex
1429 2820 1693 2884 influxu
1752 2820 1923 2886 lucis
1980 2822 2175 2887 caeli.
2268 2820 2501 2887 Homo
2556 2824 2770 2889 etiam

533 2914 730 2997 hujus
758 2914 1026 2981 telluris
1058 2914 1219 2981 talis
1248 2923 1381 2990 est,
1415 2924 1492 2979 ut
1524 2934 1662 2979 non
1694 2916 1997 2999 recipere
2022 2917 2245 2998 possit
2274 2916 2770 2983 revelationem

535 3010 1022 3084 immediatam,
1069 3019 1142 3075 et
1189 3028 1310 3093 per
1351 3008 1542 3073 illam
1585 3009 1833 3074 instrui
1890 3009 1976 3074 de
2034 3011 2214 3074 veris
2260 3010 2547 3087 Divinis,
2594 3014 2771 3078 sicut

533 3104 804 3168 incolae
840 3101 1124 3167 aliarum
1161 3102 1636 3194 tellurum,·de
1672 3104 1917 3186 quibus
1962 3106 2029 3168 in
2076 3103 2403 3188 peculiari
2437 3107 2771 3189 opusculo

532 3196 761 3264 actum
805 3208 954 3277 est;
1021 3208 1130 3263 est
1177 3200 1360 3263 enim
1405 3198 1558 3282 plus
1594 3219 1801 3282 quam
1846 3199 1947 3264 illi
1990 3200 2060 3263 in
2106 3200 2490 3277 mundanis,
2536 3203 2637 3266 ita
2702 3204 2769 3266 in

532 3294 869 3369 externis),
901 3312 982 3357 ac
1019 3294 1294 3356 interna
1329 3303 1490 3357 sunt
1525 3313 1705 3376 quae
1738 3293 2236 3358 revelationem
2274 3296 2613 3377 recipiunt
2641 3318 2660 3375 ;
2714 3297 2770 3361 si

531 3398 824 3453 externa
859 3388 1240 3469 reciperent
1263 3407 1404 3451 non
1437 3387 1940 3469 intelligeretur
1970 3407 2229 3453 verum.
2318 3386 2525 3471 Quod
2561 3390 2771 3456 homo

529 3480 726 3564 hujus
763 3480 1030 3545 telluris
1069 3480 1229 3545 talis
1265 3482 1378 3557 sit,
1418 3481 1783 3546 manifeste
1814 3489 2011 3565 patet
2042 3502 2134 3547 ex
2167 3482 2303 3544 illis
2334 3484 2519 3547 intra
2546 3484 2769 3548 eccle·

529 3577 722 3653 siam,
755 3574 870 3659 qui
901 3574 1185 3639 tametsi
1215 3576 1440 3639 sciunt
1477 3596 1569 3639 ex
1601 3572 1841 3639 Verbo
1871 3575 1959 3639 de
1993 3574 2212 3651 caelo,
2240 3574 2327 3639 de
2364 3572 2650 3653 inferno,
2682 3576 2771 3641 de

529 3672 676 3735 vita
723 3680 884 3755 post
929 3679 1250 3746 mortem,
1293 3690 1507 3753 usque
1563 3667 1687 3733 illa
1735 3670 1945 3734 corde
1994 3680 2305 3751 negant3
2372 3669 2551 3735 inter
2598 3688 2771 3755 quos

529 3766 742 3829 etiam
779 3774 963 3840 sunt,
996 3764 1112 3848 qui
1147 3764 1558 3829 eruditionis
1589 3764 1842 3829 famam
1874 3784 2039 3846 prae
2075 3764 2351 3848 reliquis
2382 3784 2769 3847 aucupave-

525 3868 706 3935 runt,
741 3860 827 3923 de
864 3856 1106 3942 quibus
1135 3857 1296 3922 inde
1327 3858 1751 3923 credendum
1782 3868 1992 3934 esset,
2034 3858 2219 3941 quod
2256 3858 2411 3941 plus
2448 3868 2771 3941 saperent

527 3970 732 4037 quam
769 3954 906 4017 alii.

650 4060 852 4128 31⁰·
911 4045 1082 4111 Cum
1130 4046 1397 4129 angelis
1449 4046 1536 4112 de
1581 4044 1821 4111 Verbo
1864 4044 2228 4130 aliquoties
2274 4046 2550 4111 locutus
2596 4064 2766 4122 sum,

525 4150 598 4207 et
635 4141 806 4217 dixi,
843 4142 1025 4224 quod
1063 4141 1133 4205 id
1171 4162 1212 4207 a
1245 4142 1651 4225 quibusdam
1690 4151 2181 4205 contemnatur
2214 4150 2497 4224 propter
2534 4140 2769 4206 stilum

525 4236 668 4318 ejus
705 4235 1131 4318 simplicem3
1191 4245 1265 4299 et
1327 4236 1512 4318 quod
1571 4255 1849 4318 prorsus
1894 4254 2033 4299 non
2080 4237 2340 4299 sciatur
2382 4235 2639 4318 aliquid
2682 4234 2771 4298 de

524 4348 730 4395 sensu
765 4329 909 4411 ejus
946 4329 1243 4403 intern0,
1278 4338 1352 4393 et
1389 4330 1548 4393 inde
1587 4349 1728 4393 non
1767 4331 2091 4394 credatur
2126 4330 2311 4413 quod
2349 4337 2555 4393 tanta
2585 4328 2769 4413 sapi-

486 4460 492 4467 ·
523 4424 712 4489 entia
747 4424 913 4489 inibi
943 4422 1304 4489 recondita
1334 4422 1577 4488 lateat.
1670 4423 1932 4505 Angeli
1963 4426 2314 4499 dixerunt,
2347 4423 2533 4506 quod
2572 4420 2771 4488 stilus

524 4516 760 4594 Verbi,
807 4518 1092 4583 tametsi
1147 4516 1216 4581 in
1277 4536 1484 4581 sensu
1529 4516 1813 4579 litterae
1856 4524 2145 4600 apparet
2188 4516 2513 4598 simplex,
2560 4538 2769 4600 usque
