3371 5304
627 640 747 706 322
1265 639 1366 690 DE
1409 639 1664 692 emto
1708 639 1809 692 m·
1856 639 2221 694 mutuno,

621 820 1054 892 reteguntur,
1091 809 1474 874 secundum
1509 810 1791 874 Domini
1824 811 2059 886 verba,

721 949 752 968 ‘⁸
765 943 938 996 Nihil.
957 954 1228 1008 ,opertum
1253 953 1352 1003 est,
1377 945 1522 1008 quod
1551 959 1662 994 non
1688 945 2043 1007 retegendum
2066 953 2165 1002 est,
2189 953 2246 996 et
2273 946 2543 996 occuitum
2564 947 2713 1012 quod
2740 961 2855 998 non

883 1011 1322 1073 cognoscendum
1343 1028 1384 1061 z.
1403 1025 1562 1074 .qnae
1607 1011 1664 1060 in
1700 1012 1939 1060 tenebris
1972 1011 2201 1066 dixistis.
2228 1011 2282 1060 in
2315 1011 2439 1060 luce
2474 1013 2779 1070 audientur,
2804 1025 2857 1062 et

879 1077 1026 1204 32:32
1047 1077 1319 1204 ἰκῖιαιὲᾝ
1334 1076 1500 1125 locuti
1523 1077 1656 1126 estis
1683 1076 1739 1125 iu
1764 1077 2041 1136 cubiculis,
2060 1075 2455 1139 praedicabitur
2478 1075 2815 1141 superteffis
2830 1077 2859 1098 ”

619 1255 715 1320 Et
749 1255 933 1334 alibi,

717 1369 748 1389 ·‘
763 1365 924 1416 Dico.
944 1366 1140 1426 mobis,
1159 1367 1514 1430 quodcunque
1542 1368 1767 1416 verbum
1786 1367 1979 1416 inutile
2002 1367 2167 1416 locuti
2188 1367 2390 1416 fuerint
2416 1367 2683 1425 homines.
2702 1367 2769 1416 de
2792 1382 2857 1418 eo

881 1431 1186 1482 reddituros
1211 1433 1480 1482 rationem
1505 1433 1564 1482 in
1587 1433 1675 1482 die
1699 1433 1887 1496 judicii
1904 1432 1933 1453 ”
1956 1433 2177 1494 (March.
2200 1435 2293 1482 xii.
2318 1433 2419 1495 36)

742 1563 952 1648 308·
1010 1562 1270 1646 Quales
1314 1574 1474 1630 sunt
1519 1565 1682 1629 mali
1729 1566 1797 1628 in
1842 1564 1975 1628 hoc
2015 1574 2229 1640 statu,
2270 1585 2409 1628 non
2457 1564 2691 1649 paucis
2735 1565 2859 1628 de-

617 1659 820 1724 scribi
873 1668 1132 1740 potest,
1167 1679 1327 1722 nam
1383 1661 1670 1744 quisque
1732 1671 1895 1724 tunc
1952 1661 2207 1725 insanit
2264 1662 2639 1724 secundum
2698 1679 2859 1724 suas

616 1755 1062 1837 cupiditates,
1096 1764 1170 1818 et
1213 1754 1346 1818 hae
1389 1767 1550 1820 sunt
1595 1757 1865 1836 variae;
1930 1766 2353 1840 quapropter
2396 1757 2603 1820 velim
2648 1757 2859 1819 modo

615 1849 845 1934 aliqua
881 1849 1202 1931 specifica
1259 1850 1624 1926 adducere,
1655 1847 1757 1914 'ex
1812 1852 2055 1933 quibus
2092 1852 2413 1916 concludi
2468 1861 2705 1933 potest
2764 1850 2855 1913 ad

614 1945 892 2028 reliqua.
982 1945 1114 2020 Illi,
1147 1945 1262 2028 qui
1299 1967 1374 2009 se
1409 1954 1813 2010 amaverunt
1850 1967 2054 2028 super
2092 1948 2345 2022 omnia,
2382 1967 2462 2010 ac
2502 1949 2571 2009 in
2611 1945 2853 2010 officiis

613 2050 686 2105 et
721 2038 1180 2105 functionibus
1211 2039 1699 2123 spectaverunt
1728 2041 2063 2106 honorem
2096 2045 2219 2118 sui,
2252 2063 2335 2106 ac
2371 2063 2533 2105 usus
2564 2043 2857 2124 praesti-

616 2146 850 2202 terunt
889 2156 1028 2200 non
1066 2148 1349 2220 propter
1387 2157 1570 2213 usuS,
1609 2157 1690 2202 ac
1730 2138 1865 2202 illis
1896 2135 2225 2202 delectati
2264 2145 2450 2211 sunt,
2486 2137 2611 2200 sed
2648 2157 2856 2220 prop-

615 2242 721 2297 ter
765 2229 1037 2306 famam,
1084 2241 1162 2295 ut
1223 2231 1574 2314 digniores
1619 2232 1769 2296 aliis
1814 2251 1935 2316 per
1978 2231 2136 2296 illos
2182 2233 2733 2306 aestimarentur,
2780 2241 2857 2294 et

615 2327 712 2390 sic
758 2324 1086 2390 delectati
1124 2326 1306 2388 fama
1361 2328 1464 2390 sui
1515 2326 1819 2403 honoris,
1858 2327 1955 2392 illi
2015 2346 2171 2395 cum
2229 2329 2297 2390 in
2358 2327 2663 2390 secundo
2720 2325 2855 2388 hoc

613 2429 797 2485 statu
821 2431 1005 2497 sunt,
1035 2440 1196 2503 prae
1227 2420 1502 2504 reliquis
1533 2423 1789 2504 stupidi
1814 2431 2016 2500 sunt;
2056 2441 2213 2486 nam
2247 2431 2579 2505 quantum
2610 2420 2855 2503 aliquis

613 2537 686 2580 se
723 2525 937 2592 amat,
979 2526 1252 2580 tantum
1299 2527 1694 2580 removetur
1736 2537 1777 2579 a
1823 2517 2041 2593 caelo,
2084 2527 2158 2580 et
2198 2527 2529 2600 quantum
2576 2536 2619 2578 a
2658 2515 2855 2578 caelo

614 2623 888 2679 tantum
942 2633 985 2679 a
1035 2612 1398 2695 sapientia.
1486 2611 1621 2695 Qui
1665 2622 1903 2677 autem
1956 2615 2028 2677 in
2071 2632 2301 2677 amore
2346 2613 2473 2687 sui,
2519 2621 2593 2676 et
2652 2610 2853 2675 simul

611 2710 826 2773 astuti
863 2709 1155 2786 fuerunt,
1195 2719 1270 2773 et
1315 2729 1390 2772 se
1427 2730 1549 2791 per
1593 2719 1781 2773 artes
1818 2720 2203 2773 evexerunt
2250 2708 2337 2773 ad
2384 2707 2707 2781 honores,
2754 2706 2852 2769 illi

611 2824 688 2867 se
733 2805 1140 2868 consociant
1186 2824 1339 2868 cum
1385 2804 1725 2886 pessimis,
1766 2814 1837 2868 et
1884 2803 2251 2869 addiscunt
2296 2814 2485 2867 artes
2520 2802 2849 2883 magicas,

611 2919 784 2981 quae
823 2909 983 2962 sunt
1019 2900 1269 2977 abusus
1301 2900 1558 2963 ordinis
1596 2898 1849 2971 Divini,
1884 2919 2006 2981 per
2040 2919 2209 2981 quas
2242 2897 2591 2961 lacessunt
2629 2915 2708 2959 ac
2746 2895 2850 2956 in·

611 2993 870 3057 festant
935 3014 1177 3057 omnes
1243 2995 1355 3076 qui
1422 3014 1499 3058 se
1565 3013 1705 3105 (non
1764 2992 2133 3069 honorant,
2196 2989 2483 3056 nestunt
2547 2989 2849 3063 insidias,

611 3086 848 3153 fovent
879 3090 1060 3163 odia,
1087 3088 1383 3171 flagrant
1413 3086 1755 3163 vindictis»,
1791 3096 1862 3152 et
1902 3089 2185 3170 cupiunt
2210 3087 2472 3150 saevire
2510 3086 2577 3149 in
2608 3102 2851 3147 omnes

609 3186 726 3267 qui
780 3205 854 3249 se
913 3204 1053 3249 non
1099 3184 1542 3259 submittunt,
1583 3194 1658 3247 et
1716 3185 1785 3248 in
1844 3183 2079 3248 omnia
2133 3181 2253 3246 illa
2313 3191 2588 3245 tantum
2646 3188 2850 3243 ruunt

611 3289 946 3365 quantum
983 3278 1120 3343 illis
1158 3279 1464 3361 maligna
1499 3280 1699 3343 turba
1733 3279 1945 3355 favet,
1985 3286 2059 3342 et
2104 3277 2391 3341 tandem
2430 3276 2661 3341 animo
2696 3294 2849 3337 ver·

611 3386 768 3441 sant
812 3376 1162 3458 quomodo
1205 3375 1588 3438 ascendant
1636 3374 1931 3451 caelum,
1978 3382 2056 3436 ut
2102 3372 2465 3435 destruant
2506 3370 2698 3445 illud,
2736 3368 2848 3433 vel

611 3482 686 3537 ut
723 3470 1037 3537 colantur
1072 3472 1164 3537 ibi
1209 3490 1332 3553 pro
1369 3471 1544 3533 diis:
1609 3472 1678 3533 in
1716 3479 1989 3533 tantum
2026 3469 2309 3532 vesania
2346 3467 2615 3529 illorum
2653 3462 2850 3527 effer-

611 3578 734 3631 tur.
827 3565 940 3631 Illi
977 3567 1088 3649 qui
1126 3565 1307 3630 tales
1342 3564 1610 3629 fuerunt
1644 3584 1735 3627 ex
1780 3563 2115 3646 religione
2156 3560 2533 3635 Pontificia,
2573 3558 2849 3642 reliquis

611 3662 990 3727 insaniores
1021 3672 1223 3739 sunt;
1283 3662 1516 3723 animo
1552 3660 1737 3722 enim
1777 3668 2049 3741 gerunt,
2088 3657 2273 3740 quod
2320 3656 2447 3719 sub
2491 3662 2847 3737 potestate

611 3757 879 3823 illorum
911 3758 1050 3822 sint
1079 3755 1344 3821 caelum
1375 3766 1450 3819 et
1483 3756 1839 3829 infernum,
1874 3762 1947 3817 et
1980 3754 2161 3835 quod
2195 3752 2551 3816 remittere
2582 3750 2847 3832 possint

611 3874 700 3919 ex
745 3852 970 3921 lubitu
1012 3861 1344 3936 peccata;
1412 3850 1514 3915 illi
1555 3850 1911 3913 vindicant
1957 3847 2083 3912 sibi
2129 3866 2333 3912 omne
2379 3846 2727 3916 Divinum,
2774 3851 2847 3904 et

611 3970 684 4015 se
729 3948 1078 4013 Christum
1113 3954 1416 4024 vocant;
1464 3946 1815 4029 persuasio
1854 3961 2111 4018 eorum,
2149 3942 2334 4025 quod
2380 3942 2480 4004 ita
2524 3938 2639 4013 sit,
2678 3937 2845 3999 talis

609 4053 740 4119 est,
779 4055 878 4121 ut,
918 4044 1029 4107 ubi
1075 4042 1314 4118 influit,
1355 4040 1711 4125 perturbet
1747 4040 2037 4114 animos,
2079 4057 2159 4101 ac
2205 4036 2488 4099 inducat
2524 4030 2847 4096 tenebras

610 4161 817 4223 usque
842 4140 928 4204 ad
953 4138 1264 4203 dolorem
1295 4159 1311 4205 ς
1360 4156 1576 4219 paene
1609 4134 1737 4199 sibi
1761 4133 2015 4197 similes
2039 4132 2291 4195 suntin
2316 4142 2604 4212 utroque
2631 4136 2845 4199 statu,

609 4237 730 4300 sed
766 4235 834 4299 in
873 4234 1175 4299 secundo
1211 4242 1375 4297 sunt
1413 4230 1670 4313 absque
1709 4227 2203 4294 rationalitate.
2290 4223 2394 4289 At
2438 4224 2527 4288 de
2564 4220 2847 4285 insaniis

607 4330 900 4408 illorum,
939 4349 1018 4394 ac
1066 4329 1154 4393 de
1201 4336 1387 4393 sorte
1425 4326 1697 4391 illorum
1746 4333 1905 4406 post
1950 4322 2129 4386 hunc
2170 4329 2455 4393 statum,
2503 4318 2570 4381 in
2618 4316 2845 4400 specie

607 4426 836 4509 aliqua
866 4426 1180 4491 dicentur
1217 4423 1282 4486 in
1316 4420 1648 4505 opusculo
1673 4418 1777 4483 De
1811 4416 2058 4483 Ultimo
2080 4414 2357 4491 Judicio
2377 4424 2445 4477 et
2472 4411 2843 4493 Babylonia

610 4522 970 4587 destruaa.
1062 4518 1196 4601 Qui
1242 4518 1664 4581 creationem
1704 4514 2167 4578 attribuerunt
2214 4518 2521 4583 naturae,
2561 4517 2635 4571 et
2682 4505 2842 4569 inde

611 4626 1036 4699 negaverunt
1097 4614 1329 4688 corde,
1388 4612 1670 4676 tametsi
1738 4628 1873 4673 non
1942 4628 2083 4682 ore,
2146 4604 2493 4679 Divinum,
2556 4601 2841 4687 proinde
