3371 5304
1165 635 1316 687 Lux
1365 635 1461 686 ΒΤ
1495 633 1755 686 CALOR
1800 635 1885 685 IN
1928 633 2207 686 CAELO.
2736 637 2821 705 77

567 817 680 876 est
719 826 900 893 quae
943 806 1378 874 determinat.
1471 805 1709 872 Homo
1744 807 1959 872 etiam
2000 807 2231 892 quoad
2266 806 2583 891 spiritum
2619 830 2817 876 suum

565 903 880 970 similiter
921 923 997 968 se
1039 903 1274 978 vertit,
1311 910 1502 968 retro
1557 921 1600 966 a
1657 901 1962 968 Domino
1992 903 2107 988 qui
2161 903 2234 968 in
2288 923 2527 970 amore
2584 907 2687 970 sui
2744 916 2816 972 et

567 999 804 1066 mundi
849 1007 985 1074 est,
1031 1007 1107 1064 et
1147 997 1240 1062 ad
1285 997 1520 1080 Ipsum
1563 997 1682 1080 qui
1722 997 1795 1060 in
1842 1011 2079 1062 amore
2123 999 2193 1063 in
2242 999 2478 1082 Ipsum
2525 1011 2597 1065 et
2644 1021 2819 1084 erga

566 1093 956 1178 proximum
979 1103 1132 1172 est;
1165 1093 1292 1158 sed
1321 1092 1535 1157 homo
1562 1091 1632 1156 id
1667 1093 1915 1168 nescit,
1940 1094 2100 1176 quia
2129 1093 2201 1158 in
2230 1095 2490 1160 mundo
2518 1095 2820 1160 naturali

567 1199 700 1265 est,
747 1189 862 1254 ubi
922 1187 1172 1274 plagae
1217 1188 1771 1252 determinantur
1814 1188 2193 1252 secundum
2239 1187 2407 1253 solis
2452 1198 2684 1254 ortum
2745 1199 2819 1254 et

570 1302 892 1348 occasum
919 1301 936 1346 t
984 1293 1096 1348 ast
1127 1281 1282 1358 hoc,
1304 1282 1463 1366 quia
1486 1301 1696 1364 aegre
1728 1281 1817 1346 ab
1844 1282 2127 1347 homine
2151 1285 2305 1367 capi
2337 1293 2599 1368 potest,
2624 1285 2817 1350 illus·

569 1378 866 1444 trabittu·
916 1378 986 1442 in
1039 1377 1507 1462 sequentibus,
1553 1376 1671 1440 ubi
1732 1377 1819 1442 de
1865 1376 2119 1461 Plagis,
2168 1376 2413 1461 Spatio
2472 1390 2547 1446 et
2604 1379 2819 1445 Tem-

571 1493 736 1554 pore
772 1473 842 1536 in
877 1471 1118 1548 Caele,
1157 1481 1427 1554 agetur.

699 1581 884 1650 124·
944 1566 1124 1650 Quia
1167 1567 1506 1632 Dominus
1549 1575 1660 1646 est
1706 1565 1827 1632 Sol
1872 1567 2069 1644 caeli,
2108 1576 2183 1634 et
2226 1570 2460 1636 omnia
2495 1568 2818 1654 spectant

571 1661 806 1744 Ipsum
862 1683 1039 1746 quae
1096 1662 1188 1727 ab
1245 1662 1429 1745 Ipso,
1469 1663 1627 1728 ideo
1675 1663 1892 1727 etiam
1947 1663 2285 1728 Dominus
2338 1675 2446 1730 est
2502 1676 2819 1732 centrum

569 1775 958 1830 commune,
999 1777 1040 1820 a
1097 1777 1236 1838 quo
1279 1757 1502 1820 omnis
1545 1754 1837 1822 direffio
1894 1767 1969 1822 et
2028 1757 2620 1824 determinatim&
2722 1760 2817 1825 Et

570 1851 732 1916 idco
768 1871 1040 1935 quoque
1077 1852 1145 1914 in
1181 1852 1574 1934 praesentia
1611 1859 1684 1916 et
1720 1853 1850 1916 sub
1876 1853 2185 1936 auspicio
2222 1853 2443 1936 Ipsius
2480 1865 2639 1920 sunt
2668 1874 2819 1921 om-

569 1946 684 2010 nia
725 1967 902 2030 quae
947 1948 1120 2011 infra
1163 1955 1348 2022 sunt,
1388 1956 1536 2011 tam
1581 1968 1758 2031 quae
1800 1948 1871 2011 in
1918 1948 2131 2012 caelis
2177 1960 2361 2026 sunt,
2400 1969 2605 2034 quam
2643 1973 2821 2036 quae

569 2041 640 2106 in
677 2043 896 2107 terris.
1487 2101 1494 2108 .

699 2149 884 2219 123.
942 2135 1058 2200 Ex
1093 2136 1202 2201 his
1235 2157 1415 2202 nunc
1461 2137 1534 2202 in
1577 2137 1869 2203 clariore
1912 2137 2069 2202 luce
2104 2139 2322 2203 videri
2362 2148 2655 2222 possunt
2698 2139 2820 2206 illa

570 2250 745 2314 quae
805 2231 876 2296 in
921 2232 1312 2316 praemissis
1355 2232 1662 2297 articulis
1706 2233 1797 2298 de
1841 2233 2147 2299 Domino
2192 2231 2377 2299 dic'ta
2420 2244 2494 2300 et
2539 2244 2823 2301 ostensa

570 2333 732 2392 suut
753 2345 862 2390 2-
1269 2345 1275 2352 ·

1067 2469 1248 2542 Quod,
1274 2475 1489 2540 nempe,
1513 2471 1650 2541 Ipse
1669 2473 1753 2526 sit
1776 2471 1937 2527 Deus
1964 2472 2133 2528 Caeli
2148 2475 2227 2542 (n.
2246 2471 2395 2541 2-6).

1257 2541 1550 2596 Davinum
1575 2543 1995 2614 Ipst'ussacx'at
2020 2543 2257 2598 Caelum
2286 2545 2367 2613 (n.
2394 2544 2579 2613 7-12).

1067 2611 1241 2683 Quod
1257 2613 1550 2669 Dm‘num
1576 2613 1909 2669 Domint't‘n
1937 2615 2103 2669 Caelo
2124 2617 2208 2669 sit
2230 2615 2286 2669 Α
2291 2631 2417 2671 mor
2441 2617 2508 2669 in
2534 2616 2737 2687 Ipsum
2762 2621 2820 2671 et

1209 2683 1491 2739 Charitas
1512 2701 1656 2755 erga
1672 2686 2021 2755 proximum
2045 2686 2127 2755 (n.
2158 2701 2179 2740 1
2192 2686 2371 2755 3-19).

1067 2750 1240 2824 Quod
1265 2754 1314 2809 C
1309 2754 1780 2825 orrespondentt'a
1804 2758 1891 2809 sit
1923 2758 2183 2811 omnium
2208 2756 2442 2811 Mundi
2470 2772 2601 2811 cum
2634 2756 2815 2819 Caelo,

1203 2840 1276 2879 ac
1287 2829 1403 2895 per
1427 2825 1662 2879 Caelum
1688 2842 1817 2880 cum
1844 2826 2097 2881 Domino
2122 2826 2204 2896 (n.
2241 2826 2495 2895 87-115).

1075 2892 1224 2951 Tm
1239 2896 1398 2965 quod
1415 2896 1522 2951 Sol
1537 2896 1761 2959 mundi.
1785 2902 1843 2953 et
1862 2897 2042 2953 Luna
2058 2898 2536 2969 mammaea&
2562 2897 2643 2967 (n.
2673 2898 2817 2969 105).

1585 3408 1809 3495 [XV]

1021 3614 1138 3679 DE
1182 3612 1392 3681 Luca
1438 3628 1536 3679 ET
1582 3614 1903 3681 CALORE
1948 3629 2032 3681 m
2079 3614 2361 3683 CAELo.

699 3810 889 3875 126.
947 3806 1153 3891 Quod
1199 3808 1321 3873 lux
1366 3810 1438 3875 in
1483 3809 1695 3873 caelis
1741 3810 1853 3885 sit,
1890 3830 2029 3875 non
2068 3830 2314 3893 capere
2354 3820 2645 3895 possunt
2690 3810 2811 3888 illi,

573 3903 684 3987 qui
719 3903 939 3967 solum
979 3925 1070 3967 ex
1105 3914 1351 3968 natura
1381 3906 1746 3987 cogitant;
1796 3924 1950 3969 cum
1987 3915 2221 3969 tamen
2261 3906 2327 3970 in
2368 3905 2579 3969 caelis
2611 3916 2815 3971 tanta

575 3997 694 4061 lux
733 4008 862 4075 est,
903 4007 979 4062 ut
1018 3998 1253 4063 multis
1294 3999 1618 4081 gradibus
1656 4001 1957 4064 excedat
1999 3998 2222 4063 lucem
2260 4000 2709 4065 meridianam
2747 4002 2813 4063 in

575 4092 829 4158 mundo
858 4115 875 4173 ;
922 4095 1067 4158 visa
1104 4103 1212 4159 est
1251 4094 1369 4159 illa
1407 4094 1574 4158 mihi
1610 4096 1903 4178 saepius,
1944 4096 2156 4159 etiam
2188 4096 2621 4178 temporibus
2660 4114 2814 4159 ves-

574 4206 778 4270 perae
835 4197 910 4253 et
969 4184 1210 4252 noctis.
1303 4189 1384 4252 In
1445 4190 1781 4272 principio
1826 4190 2111 4253 miratus
2156 4208 2329 4264 sum,
2377 4207 2530 4253 cum
2585 4188 2815 4252 audivi

1366 4417 1445 4470 (nx
1469 4426 1666 4459 axum
1691 4420 2020 4468 caunum}

571 4528 778 4656 0ωὲιίιέ
801 4525 1747 4671 ἓὲιῗτέῃῡξὲἔέἳαὲὀῗῆ)ωηιωω
1784 4540 2120 4587 commune.
2148 4524 2221 4581 nd
2264 4524 2429 4596 quod
2464 4540 2533 4583 se
2568 4534 2815 4585 vertunt
