3371 5304
644 605 873 658 HOMO
904 607 1040 660 EST
1072 608 1257 660 POST
1290 610 1622 663 MORTEM
1652 611 1934 677 QUALIS
1963 612 2134 681 EJUS
2165 614 2350 665 VITA
2383 616 2580 668 FUIT.
2669 620 2795 689 297

538 782 725 866 quod
767 780 950 847 fac'ta
1006 790 1127 848 aut
1173 802 1385 867 opera
1428 784 1816 866 procedant
1875 806 1968 849 ex
2027 793 2357 870 utraque;
2423 808 2568 866 seu,
2607 788 2796 873 quod

536 876 721 942 idem
757 888 891 955 est,
924 879 1109 961 quod
1140 898 1334 943 amor
1362 879 1571 945 saciat
1602 881 1978 957 hominem,
2010 901 2092 946 ac
2129 880 2300 947 fides
2333 885 2544 948 modo
2575 904 2792 967 quan-

536 982 687 1037 tum
734 974 1052 1056 procedit
1098 994 1191 1039 ex
1236 994 1495 1051 amore,
1542 985 1617 1041 et
1661 976 1850 1061 quod
1895 974 2078 1041 sacta
2121 998 2244 1043 seu
2289 999 2502 1062 opera
2547 1000 2792 1061 proce-

536 1068 709 1131 dant
746 1088 839 1133 ex
890 1078 1222 1152 utraque:
1286 1070 1445 1133 inde
1483 1071 1814 1153 sequitur,
1856 1071 2040 1153 quod
2077 1072 2404 1137 voluntas
2439 1084 2562 1137 aut
2597 1093 2793 1138 amor

532 1162 625 1225 sit
658 1164 806 1245 ipse
842 1162 1075 1240 homo,
1110 1182 1269 1226 nam
1308 1184 1483 1246 quae
1522 1165 1930 1247 procedunt,
1965 1175 2124 1228 sunt
2161 1165 2342 1230 iliius
2380 1188 2420 1230 a
2457 1188 2594 1250 quo
2631 1188 2791 1250 pro-

533 1256 831 1335 cedunt;
880 1257 1256 1339 procedere
1294 1266 1403 1321 est
1442 1257 1728 1341 produci
1765 1277 1846 1323 ac
1885 1259 2037 1323 sisti
2081 1260 2150 1324 in
2196 1260 2418 1325 forma
2455 1264 2788 1326 conveni-

532 1359 697 1414 ente
757 1360 833 1415 ut
894 1351 1399 1435 appercipiatur
1456 1361 1529 1416 et
1590 1348 2015 1436 appareat.(¹⁸)
2123 1353 2239 1417 Ex
2297 1354 2404 1417 his
2463 1366 2787 1419 constare

530 1452 792 1525 potest,
820 1445 982 1528 quid
1015 1444 1184 1509 fides
1207 1455 1531 1527 separata
1562 1446 1649 1510 ab
1680 1464 1938 1521 amore,
1973 1447 2158 1528 quod
2189 1466 2440 1531 nempe
2472 1450 2563 1513 sit
2599 1450 2790 1515 nulla

533 1536 723 1613 fides»,
772 1539 895 1602 sed
956 1540 1167 1603 modo
1211 1540 1523 1614 scientia,
1565 1559 1744 1624 quae
1787 1538 2051 1603 nullam
2098 1541 2525 1623 spiritualem
2572 1545 2784 1607 vitam

528 1631 599 1695 in
632 1652 708 1695 se
741 1633 995 1711 nabet3
1044 1633 1361 1697 similiter
1392 1633 1553 1718 quid
1584 1629 1840 1698 sacqum
1873 1644 1993 1698 aut
2026 1654 2201 1717 opus
2236 1635 2495 1718 absque
2525 1655 2782 1715 amore,

530 1726 716 1809 quod
756 1746 1004 1809 nempe
1042 1746 1180 1791 non
1228 1727 1318 1791 sit
1364 1724 1619 1792 fastum
1666 1746 1787 1791 seu
1832 1747 2006 1811 opus
2041 1730 2250 1804 vitae,
2289 1729 2414 1793 sed
2459 1730 2645 1814 quod
2691 1732 2786 1797 sit

526 1818 783 1905 sactum
814 1842 939 1887 seu
968 1840 1143 1903 opus
1174 1823 1440 1897 mortiS,
1476 1823 1582 1886 cui
1614 1842 1957 1905 apparens
1989 1823 2176 1888 vitae
2207 1825 2391 1888 inest
2425 1844 2516 1887 ex
2549 1844 2783 1891 amore

532 1916 695 1980 mali
741 1926 813 1979 et
858 1936 952 1979 ex
990 1914 1125 1979 fide
1162 1916 1313 1979 falsi
1344 1938 1359 1995 ;
1407 1914 1539 1980 hoc
1578 1936 1918 1999 apparens
1956 1918 2142 1981 vitae
2179 1926 2308 1994 est,
2349 1918 2534 2001 quod
2572 1938 2782 1983 voca-

530 2020 639 2074 tur
678 2030 864 2073 mors
902 2009 1293 2092 spiritualis.

652 2116 849 2188 475.
908 2102 1221 2168 Ulterius
1260 2103 1615 2167 sciendum
1653 2112 1786 2179 est,
1827 2103 2010 2186 quod
2049 2104 2118 2168 in
2163 2102 2359 2169 factis
2397 2126 2518 2169 seu
2556 2108 2780 2189 operi-

526 2198 653 2261 bus
710 2200 997 2261 sistatur
1042 2206 1237 2262 totus
1286 2197 1519 2271 homo,
1566 2207 1639 2262 et
1699 2198 1882 2280 quod
1927 2198 2250 2261 voluntas
2308 2208 2382 2262 et
2441 2201 2783 2281 cogitatio

524 2290 692 2373 ejus,
734 2312 854 2354 seu
899 2310 1095 2355 amor
1138 2300 1211 2355 et
1257 2290 1427 2354 fides
1464 2290 1629 2372 ejus,
1670 2312 1846 2375 quae
1883 2301 2045 2355 sunt
2091 2292 2420 2356 interiora
2456 2293 2776 2369 hominis,

526 2406 664 2449 non
702 2384 1057 2467 completa
1093 2385 1253 2461 sint,
1296 2386 1685 2467 priusquam
1732 2387 1800 2449 in
1839 2384 2036 2449 factis
2076 2405 2195 2449 seu
2232 2388 2552 2468 operibus
2591 2398 2776 2463 sunt,

525 2500 700 2561 quae
744 2488 905 2543 sunt
952 2480 1302 2542 exteriora
1347 2478 1688 2558 hominis;
1752 2490 1914 2543 sunt
1961 2481 2142 2543 enim
2187 2480 2358 2544 haec
2407 2481 2649 2543 ultima
2708 2481 2776 2545 in

525 2573 766 2658 quibus
820 2572 940 2636 ilia
993 2573 1475 2648 terminantur,
1517 2581 1592 2636 et
1648 2572 1910 2656 absque
1957 2574 2556 2637 terminationibus
2614 2582 2778 2639 sunt

524 2670 700 2732 sicut
747 2668 1217 2743 interminata,
1267 2687 1443 2749 quae
1490 2667 1796 2730 nondum
1841 2668 2180 2742 existunt,
2229 2669 2330 2731 ita
2381 2689 2554 2751 quae
2601 2688 2776 2732 non·

524 2763 687 2825 dum
735 2771 897 2825 sunt
953 2762 1019 2824 in
1074 2761 1378 2824 homine.
1470 2760 1806 2843 Cogitate
1864 2769 1934 2824 et
1990 2761 2172 2824 velle
2225 2762 2484 2844 absque
2522 2761 2773 2838 facere,

522 2873 677 2919 cum
716 2865 973 2938 potest,
1014 2865 1173 2918 sunt
1212 2856 1391 2918 sicut
1428 2854 1819 2918 flammeum
1858 2854 2196 2918 inclusum
2234 2857 2383 2919 vasi
2417 2856 2603 2939 quod
2647 2877 2774 2919 ex-

523 2951 935 3030 stinguitur3
1008 2967 1087 3012 ac
1144 2949 1322 3013 sicut
1383 2967 1621 3012 semen
1666 2945 1992 3030 injectum
2049 2967 2322 3022 arenae,
2383 2949 2566 3033 quod
2633 2969 2774 3013 non

521 3043 891 3118 excrescit,
916 3043 1039 3106 sed
1074 3061 1231 3106 cum
1256 3041 1565 3124 prolifico
1590 3061 1716 3106 suo
1747 3043 1968 3126 perit;
2016 3051 2090 3106 at
2123 3044 2429 3124 cogitare
2459 3053 2534 3107 et
2566 3041 2770 3119 velle,
2847 3129 2854 3136 .

1306 3285 1399 3338 [(ικ
1426 3296 1622 3328 nemis
1647 3285 1997 3339 camum„

630 3390 715 3458 (n)
768 3387 950 3462 Quod
983 3389 1265 3444 voluntas
1301 3388 1568 3444 hominis
1597 3388 1677 3442 sit
1709 3387 1904 3458 ipsum
1938 3387 2084 3444 Esse
2113 3387 2274 3443 vitae
2305 3386 2480 3448 illius.
2512 3386 2658 3457 quia
2679 3397 2774 3442 est

521 3459 965 3530 receptaculum
990 3457 1215 3514 amoris
1238 3475 1344 3514 seu
1371 3459 1532 3520 boni,
1557 3468 1620 3512 et
1645 3457 1809 3529 quod
1838 3455 2176 3513 intellectus
2200 3459 2279 3513 sit
2313 3457 2584 3512 Existere
2609 3457 2772 3514 vitae

522 3529 2620 3670 ³¹¹‘¹33¹'sssssssscssgfssfiffliiffffss{geuriffgissz'ssi'ssfnffii}3²⁸3&
2643 3599 2774 3656 vita

517 3619 859 3728 intellegas
898 3673 1187 3744 procedat
1225 3672 1367 3728 inde
1399 3674 1481 3742 (n.
1512 3671 1630 3742 585.
1665 3616 1786 3742 530,
1819 3671 1976 3742 3619,
2009 3683 2168 3740 7342,
2201 3641 2358 3741 8885'‚
2389 3685 2458 3741 9²
2499 3684 2548 3734 2,
2579 3668 2768 3738 10076,

522 3745 1009 3872 10ῐὲῗῆιίῧέἑῖζῇ
1034 3815 1136 3869 lux
1160 3829 1235 3870 ex
1260 3813 1401 3885 igne
1424 3829 1531 3896 seu
1557 3813 1802 3868 flamma
1829 3814 1908 3882 (n.
1935 3811 2096 3882 6032,
2120 3812 2191 3880 63
2201 3813 2308 3896 ¹4)·.
2463 3881 2476 3896 ⁶

627 3885 777 3941 Inde
794 3886 1069 3956 sequitur
1086 3886 1250 3957 quod
1273 3886 1457 3941 homo
1476 3894 1556 3939 snt
1574 3883 1763 3940 homo
1780 3899 1854 3939 ex
1869 3885 2188 3939 voluntate
2211 3894 2276 3939 et
2293 3883 2434 3938 inde
2459 3879 2767 3938 intellectu

518 3959 603 4025 (n.
623 3955 1964 4099 &ulnisquisqungtlialrii'ogg'mlooaffalliizlfflatur
1981 4035 2044 4081 et
2061 4025 2414 4108 aestimatur
2431 4026 2766 4108 secundum

514 4100 741 4154 bonum
767 4113 913 4154 auae
936 4099 1271 4154 voluntatis
1297 4109 1361 4154 et
1392 4098 1535 4153 inde
1564 4095 1924 4158 ἱηῐεηοὲὶιιε,
1950 4107 2187 4164 amatur
2210 4113 2376 4152 emm
2399 4107 2464 4150 et
2487 4106 2765 4151 aestima-

515 4181 615 4225 tur
692 4171 752 4225 ui
784 4171 917 4225 vult
946 4171 1099 4226 bene
1130 4180 1193 4225 et
1224 4169 1508 4240 intelligit
1538 4169 1711 4231 bene,
1736 4183 1807 4222 ac
1845 4168 2117 4238 rejicitur
2143 4178 2208 4223 et
2236 4167 2628 4238 vilipenditur
2660 4167 2766 4239 qui

516 4241 665 4297 intel
688 4242 799 4314 igit
822 4243 977 4296 bene
1002 4252 1067 4296 et
1092 4257 1213 4296 non
1238 4243 1373 4296 vult
1398 4242 1553 4297 bene
1581 4241 1664 4309 (n.
1689 4240 1848 4310 8911.
1880 4240 2093 4306 10076).

621 4311 803 4386 Quod
841 4313 1029 4368 homo
1068 4322 1207 4383 post
1245 4321 1502 4367 mortem
1534 4310 1720 4367 etiam
1751 4320 1993 4365 maneat
2029 4310 2187 4366 sicut
2223 4308 2354 4382 ejus
2385 4309 2664 4365 voluntas
2699 4318 2764 4364 et

514 4383 656 4438 inde
684 4381 1029 4439 intellectus
1054 4386 1135 4452 (n.
1162 4383 1320 4454 9069,
1346 4395 1505 4452 9071,
1532 4381 1692 4451 9386.
1724 4383 1938 4450 10153).

498 4493 503 4502 -
623 4454 889 4510 Proinde
906 4456 1071 4526 quod
1098 4455 1284 4510 homo
1304 4464 1441 4526 post
1460 4463 1720 4509 mortem
1745 4462 1983 4508 maneat
2007 4452 2165 4507 sicut
2182 4452 2314 4523 ejus
2335 4467 2510 4506 amor
2530 4460 2595 4506 et
2623 4451 2762 4506 inde

514 4525 681 4589 fides,
706 4537 769 4582 et
792 4527 957 4599 quod
984 4542 1141 4610 quae
1167 4525 1307 4581 fidei
1334 4523 1477 4582 su‘nt
1499 4535 1565 4580 et
1588 4540 1712 4578 non
1743 4524 1922 4578 simui
1947 4525 2188 4586 amoris,
2213 4533 2360 4578 tunc
2383 4531 2760 4585 evanescant,

512 4597 654 4668 quia
680 4614 800 4654 non
828 4609 971 4654 sunt
999 4615 1059 4652 in
1088 4597 1350 4660 homine,
1380 4597 1464 4652 ita
1488 4611 1611 4650 non
1638 4595 1904 4650 hominis
1931 4596 2012 4665 (n.
2043 4607 2162 4666 353.
2187 4594 2343 4664 2364.
2374 4608 2466 4648 101
2479 4593 2590 4665 53).
