3371 5304
621 649 806 700 VITA
836 649 1040 714 QUAE
1073 648 1304 701 Ducrr
1337 649 1443 700 AD
1473 649 1789 702 CAELUM
1821 649 1983 702 NON
2014 651 2566 703 DIFFICILLIMA.
2654 655 2779 723 339

535 819 682 884 vita
725 817 1112 902 spiritualis,
1151 820 1298 884 vita
1341 819 1640 896 moralis»,
1679 839 1759 884 ac
1806 820 1953 884 vita
1997 819 2241 898 civiliS,
2279 829 2351 885 et
2396 821 2579 906 quod
2617 821 2778 886 illae

533 915 716 979 vitae
754 916 892 978 sint
930 912 1334 980 distinctae:
1383 934 1544 979 nam
1579 924 1741 979 sunt
1780 915 2095 980 homines
2126 917 2239 999 qui
2277 917 2519 980 vivunt
2558 917 2773 980 vitam

533 1007 827 1084 civilem,
866 1019 939 1073 et
980 1029 1116 1074 non
1155 1019 1392 1074 tamen
1429 1009 1767 1074 moralem
1810 1019 1886 1075 et
1944 1009 2415 1093 spiritualem3
2483 1019 2555 1075 et
2614 1020 2776 1076 sunt

529 1103 644 1187 qui
678 1105 919 1168 vivunt
953 1103 1284 1169 moralem
1317 1112 1391 1168 et
1429 1124 1640 1187 usque
1673 1123 1813 1168 non
1844 1103 2268 1186 spiritualem
2294 1125 2311 1184 ;
2358 1114 2430 1168 et
2468 1114 2629 1170 sunt
2660 1105 2777 1188 qui

529 1201 769 1263 vivunt
817 1207 962 1262 tam
1001 1199 1214 1264 vitam
1252 1199 1544 1274 civilem,
1583 1217 1789 1282 quam
1828 1198 2181 1276 moralem,
2220 1211 2293 1264 et
2339 1199 2538 1264 simul
2576 1201 2774 1282 spiri·

529 1293 848 1374 tualemg
907 1293 978 1356 hi
1030 1302 1191 1358 sunt
1249 1294 1362 1377 qui
1419 1295 1638 1358 vitam
1684 1294 1863 1359 caeli
1919 1303 2159 1377 agunt,
2208 1293 2307 1358 illi
2366 1305 2599 1359 autem
2660 1295 2774 1380 qui

526 1391 742 1453 vitam
773 1389 1008 1462 mundi
1033 1398 1422 1470 separatam
1459 1407 1500 1453 a
1536 1390 1681 1453 vita
1712 1389 1905 1455 caeli.
1995 1388 2111 1454 Ex
2146 1388 2253 1453 his
2284 1389 2571 1474 primum
2603 1409 2771 1454 con-

531 1496 720 1548 stare
757 1493 1019 1568 potest,
1057 1483 1240 1567 quod
1287 1485 1433 1547 vita
1469 1483 1843 1566 spiritualis
1880 1503 2017 1547 non
2055 1485 2147 1548 sit
2183 1493 2506 1566 separata
2542 1504 2583 1548 a
2618 1485 2765 1548 vita

525 1578 823 1643 naturali
860 1599 980 1642 seu
1017 1599 1058 1642 a
1091 1579 1238 1643 vita
1273 1578 1532 1654 mundi,
1567 1579 1690 1642 sed
1724 1578 1908 1662 quod
1944 1579 2067 1644 illa
2098 1579 2190 1643 sit
2220 1576 2587 1661 conjuncta
2615 1597 2771 1644 cum

523 1675 656 1738 hac
693 1674 872 1738 sicut
907 1673 1138 1738 anima
1175 1692 1330 1738 cum
1375 1693 1499 1738 suo
1537 1692 1849 1757 corpore,
1888 1683 1963 1738 et
2008 1674 2065 1737 si
2110 1683 2543 1756 separaretur
2586 1675 2771 1756 quod

522 1769 699 1834 foret
725 1770 901 1833 sicut
927 1768 1266 1832 habitatio
1292 1769 1358 1831 in
1379 1769 1590 1832 domo
1608 1769 1715 1832 cui
1741 1787 1879 1833 non
1899 1768 2443 1844 fundamentum,
2466 1777 2541 1833 ut
2566 1789 2771 1852 supra

522 1862 780 1928 dictum
811 1874 942 1929 est.
1033 1862 1202 1926 Vita
1232 1864 1414 1927 enim
1447 1863 1725 1928 moralis
1760 1872 1834 1928 et
1867 1863 2084 1927 civilis
2116 1873 2225 1926 est
2255 1861 2553 1928 activum
2585 1865 2769 1928 vitae

525 1959 938 2042 spiritualis3
993 1977 1150 2021 nam
1195 1959 1380 2022 vitae
1416 1958 1792 2040 spiritualis
1836 1968 1946 2022 est
1992 1957 2175 2022 velle
2220 1956 2421 2032 bene,
2462 1967 2533 2022 et
2580 1959 2769 2022 vitae

525 2054 804 2118 moralis
839 2063 912 2118 et
951 2053 1169 2117 civilis
1199 2063 1308 2116 est
1341 2073 1549 2134 agere
1581 2053 1799 2132 bene3
1848 2053 1906 2117 si
1940 2052 2075 2117 hoc
2106 2063 2465 2136 separatur
2496 2054 2586 2118 ab
2620 2054 2763 2130 illo,

523 2149 844 2226 consistit
884 2148 1028 2211 vita
1063 2147 1438 2228 spiritualis
1475 2147 1701 2211 solum
1746 2147 1818 2211 in‘
1862 2148 2293 2230 cogitatione
2337 2157 2411 2212 et
2460 2147 2761 2231 loquela,

521 2263 602 2308 ac
639 2243 902 2307 recedit
937 2240 1281 2318 voluntas»,
1307 2241 1466 2325 quia
1495 2243 1558 2306 ei
1591 2261 1731 2306 non
1762 2241 2049 2306 fulcrum
2082 2263 2101 2323 ;
2147 2252 2219 2307 et
2249 2252 2487 2307 tamen
2520 2243 2763 2308 volun-

465 2388 476 2398 .
522 2349 632 2404 tas
669 2349 778 2402 est
815 2339 1032 2421 ipsum
1071 2336 1424 2420 spirituale
1461 2338 1782 2401 hominis,

645 2447 852 2516 530.
911 2430 1116 2513 Quod
1175 2451 1315 2495 non
1371 2440 1532 2513 ‚tam
1577 2431 1856 2498 difficile
1920 2431 2012 2497 sit
2072 2451 2281 2515 agere
2326 2431 2543 2496 vitam
2588 2452 2763 2517 quae

520 2528 708 2593 ducit
756 2527 843 2590 ad
889 2529 1178 2601 caelum,
1217 2528 1395 2592 sicut
1442 2527 1763 2603 creditur,
1804 2547 1896 2592 ex
1939 2527 2047 2591 his
2090 2547 2270 2592 nunc
2316 2529 2763 2612 sequentibus

473 2649 478 2655 ·
518 2624 732 2689 videri
769 2631 1023 2705 potest.
1115 2619 1286 2705 Quis
1320 2641 1458 2687 non
1491 2622 1761 2687 civilem
1799 2631 1871 2687 et
1911 2622 2245 2688 moralem
2276 2623 2495 2687 vitam
2524 2633 2762 2707 potest

521 2719 774 2802 agere?
833 2738 992 2781 nam
1037 2719 1322 2802 quisque
1367 2718 1456 2782 ab
1499 2719 1791 2783 infantia
1832 2712 2147 2785 initiatur
2187 2720 2255 2782 in
2302 2719 2513 2795 illam,
2553 2729 2624 2783 et
2668 2740 2761 2784 ex

516 2816 662 2878 vita
695 2815 763 2878 in
797 2813 1054 2877 mundo
1086 2813 1219 2877 scit
1259 2812 1448 2877 illam
1475 2834 1492 2893 ;
1539 2815 1827 2897 quisque
1858 2814 2071 2878 etiam
2104 2814 2253 2895 agit
2292 2813 2507 2891 illam,
2541 2833 2761 2898 aeque

519 2908 738 2973 malus
784 2928 864 2972 ac
909 2909 1152 2983 bonus,
1195 2928 1354 2972 nam
1387 2910 1534 2991 quis
1575 2928 1712 2972 non
1750 2909 2057 2972 sincerus
2101 2908 2251 2974 vult
2293 2909 2449 2984 dici,
2490 2919 2562 2974 et
2609 2910 2759 2993 quis

517 3023 653 3068 non
681 3002 952 3085 justus?
1040 3000 1266 3066 Paene
1297 3022 1538 3067 omnes
1568 3004 2045 3067 sinceritatem
2082 3012 2154 3066 et
2183 3000 2523 3086 justitiam
2555 3025 2759 3069 exer·-

516 3109 679 3163 cent
717 3100 784 3162 in
823 3098 1169 3173 externis,'
1195 3117 1404 3181 usque
1443 3099 1620 3162 adeo
1659 3108 1737 3163 ut
1784 3107 2166 3181 appareant
2212 3099 2390 3162 sicut
2432 3100 2638 3163 corde
2684 3110 2759 3166 et

515 3194 760 3257 sinceri
795 3204 868 3257 et
900 3192 1066 3274 justi
1102 3193 1266 3269 sint,
1305 3201 1424 3257 aut
1463 3194 1641 3257 sicut
1685 3212 1779 3256 ex
1816 3194 1967 3275 ipsa
2001 3193 2397 3257 sinceritate
2444 3203 2517 3257 et
2554 3192 2759 3277 justi-

516 3290 613 3353 tia
658 3298 912 3369 agant:
981 3287 1295 3351 similiter
1339 3288 1549 3351 debet
1593 3287 1969 3369 spiritualis
2012 3286 2225 3352 homo
2270 3289 2525 3363 vivere,
2572 3290 2757 3373 quod

515 3392 752 3466 potest
789 3391 934 3446 tam
971 3382 1170 3447 facile
1207 3402 1410 3465 quam
1451 3381 1784 3445 naturalis
1819 3382 2055 3458 homo,
2087 3382 2209 3447 sed
2242 3401 2396 3447 cum
2434 3383 2585 3447 sola
2628 3384 2755 3447 dis-

512 3476 824 3551 serentia,
862 3478 1046 3560 quod
1093 3476 1466 3558 spiritualis
1509 3477 1723 3540 homo
1767 3476 2009 3541 credat
2056 3476 2405 3553 Divinum,
2452 3488 2523 3541 et
2570 3476 2754 3561 quod

512 3572 778 3635 sincere
815 3580 886 3635 et
919 3570 1102 3653 juste
1139 3581 1306 3651 agat
1341 3591 1477 3636 non
1513 3582 1881 3654 propterea
1910 3571 2133 3635 solum
2166 3572 2324 3655 quia
2360 3580 2468 3635 est
2505 3592 2753 3637 secun-

512 3666 676 3729 dum
709 3664 900 3747 leges
931 3666 1170 3730 civiles
1199 3676 1272 3731 et
1305 3666 1620 3743 morales,
1648 3668 1771 3730 sed
1804 3667 2015 3730 etiam
2046 3666 2205 3749 quia
2235 3676 2344 3731 est
2376 3668 2753 3733 secundum

514 3758 708 3843 leges
742 3760 1072 3825 Divinas:
1122 3779 1278 3825 nam
1325 3762 1384 3825 is
1427 3761 1586 3844 quia
1630 3762 1719 3825 de
1765 3758 2031 3825 Divinis
2068 3762 2338 3843 cogitat
2376 3781 2530 3825 cum
2576 3763 2749 3845 agit,

513 3856 979 3920 communicat
1017 3875 1168 3920 cum
1207 3855 1474 3938 angelis
1505 3856 1725 3934 caeli;
1771 3864 1845 3920 et
1883 3864 2213 3939 quantum
2251 3856 2321 3919 id
2356 3856 2541 3932 facit,
2582 3876 2752 3921 con-

507 3948 812 4033 jungitur
841 3950 1016 4029 illis,
1061 3961 1134 4016 et
1173 3952 1268 4015 sic
1302 3952 1602 4034 aperitur
1631 3952 1943 4014 internus
1978 3949 2121 4032 ejus
2151 3950 2385 4027 homo,
2419 3952 2533 4033 qui
2568 3952 2637 4015 in
2675 3972 2751 4017 se

512 4042 868 4128 spectatus
898 4056 1009 4111 est
1047 4046 1419 4130 spiritualis
1451 4046 1682 4111 homo.
1773 4043 1945 4110 Cum
1981 4046 2191 4109 homo
2222 4045 2379 4109 talis
2416 4056 2547 4121 est,
2581 4057 2748 4112 tunc

510 4140 888 4222 adoptatur
929 4151 1002 4205 et
1063 4142 1336 4206 ducitur
1381 4160 1422 4205 a
1467 4140 1795 4217 Domino,
1842 4140 1994 4222 ipso
2038 4140 2537 4214 nesciente„et
2584 4150 2747 4207 tunc

509 4234 848 4299 sincerum
907 4245 981 4300 et
1030 4233 1314 4317 justum,
1353 4256 1526 4319 quae
1579 4246 1743 4301 sunt
1802 4233 2081 4300 moralis
2139 4242 2213 4298 et
2271 4234 2491 4299 civilis
2535 4236 2745 4313 vitae,

509 4330 692 4411 quod
739 4332 910 4411 agit,
950 4351 1042 4395 ex
1101 4332 1432 4413 spirituali
1470 4332 1735 4413 origine
1782 4331 1975 4413 agit3
2032 4338 2105 4395 et
2158 4349 2368 4413 agere
2404 4332 2746 4396 sincerum

510 4436 582 4490 et
621 4424 880 4507 justum
917 4446 1008 4491 ex
1045 4426 1382 4510 spirituali
1417 4427 1707 4509 origine,
1748 4436 1857 4491 est
1902 4424 1973 4490 id
2017 4444 2225 4508 agere
2270 4446 2363 4491 ex
2408 4428 2559 4510 ipso
2602 4426 2763 4517 sin-0

509 4536 670 4583 cero
706 4534 778 4583 et
809 4520 1017 4603 just0,
1057 4542 1179 4585 seu
1213 4522 1280 4586 id
1319 4542 1528 4604 agere
1573 4542 1664 4585 ex
1704 4522 1933 4585 corde.
2018 4518 2299 4603 justitia
2343 4531 2415 4589 et
2462 4523 2744 4587 sinceri·

509 4623 620 4678 tas
656 4612 798 4698 ejus
835 4616 902 4681 in
941 4627 1237 4683 externa
1273 4617 1490 4683 forma
1523 4625 1815 4700 apparet
1852 4636 2127 4699 prorsus
2164 4616 2403 4683 similis
2432 4616 2779 4701 justitiae‘
