3371 5304
501 567 585 634 88
1138 581 1242 634 ns
1281 581 1534 634 caluo
1579 582 1676 634 ετ
1724 581 2086 636 musano.

499 757 848 824 sinistrum
885 755 1314 841 septentrio;
1369 758 1494 823 sed
1537 758 1669 822 hoc
1706 759 1867 842 quia
1903 777 2111 842 aegre
2156 766 2391 842 potest
2428 776 2743 843 compre·

497 853 710 920 hendi
754 853 824 918 in
868 853 1150 931 mundo,
1188 873 1282 918 ex
1325 873 1535 918 causa
1577 855 1737 938 quia
1771 855 1983 918 homo
2019 855 2231 918 vertit
2266 853 2513 918 faciem
2548 875 2741 920 suam

496 949 587 1014 ad
632 967 910 1013 omnem
947 950 1251 1032 plagam,
1291 948 1446 1014 ideo
1484 949 1967 1034 explicabitur.
2056 949 2316 1014 Totum
2352 949 2622 1014 caelum
2666 971 2742 1015 se

496 1043 707 1110 vertit
745 1044 835 1108 ad
874 1043 1248 1108 Dominum
1285 1054 1362 1110 ut
1407 1045 1496 1108 ad
1542 1055 1854 1109 centrum
1893 1063 2089 1110 suum
2126 1063 2536 1123 commune;
2582 1045 2743 1109 inde

496 1158 740 1204 omnes
771 1139 1000 1222 angeli
1039 1161 1114 1203 se
1144 1139 1304 1204 illuc
1329 1149 1650 1204 vertunt:
1699 1139 1883 1224 quod
1915 1140 2003 1203 ad
2040 1150 2353 1205 centrum
2378 1157 2743 1205 commune

496 1237 588 1301 sit
625 1238 850 1299 omnis
881 1233 1168 1300 directio
1197 1235 1414 1300 etiam
1451 1235 1520 1298 in
1559 1233 1835 1312 tellure,
1870 1245 2110 1299 notum
2146 1245 2299 1314 est;
2346 1243 2423 1299 at
2456 1231 2745 1300 directio

497 1331 564 1394 in
598 1330 796 1396 caelo
827 1329 1052 1395 differt
1090 1351 1132 1394 a
1168 1327 1542 1394 direEtione
1575 1331 1642 1393 in
1677 1331 1957 1407 mund0,
1992 1329 2175 1414 quod
2212 1330 2281 1393 in
2315 1329 2511 1394 caelo
2542 1339 2741 1393 ante-

495 1427 672 1491 riora
704 1435 1065 1490 vertantur
1094 1425 1184 1489 ad
1223 1434 1537 1490 centrum
1569 1445 1767 1490 suum
1800 1445 2187 1502 commune,
2221 1427 2343 1489 sed
2382 1426 2450 1490 in
2484 1424 2743 1489 mundo

493 1521 852 1600 inferiora3
914 1517 1201 1584 directio
1261 1521 1331 1583 in
1377 1518 1636 1583 mundo
1681 1529 1791 1585 est
1840 1541 2015 1602 quae
2061 1530 2351 1584 vocatur
2395 1521 2739 1604 centripe·

495 1619 740 1692 tentia,
779 1627 851 1682 et
888 1637 1160 1701 quoque
1197 1616 1607 1698 gravitatio:
1656 1617 1983 1680 interiora
2019 1615 2424 1698 angelorum
2456 1612 2740 1680 aistuali·

496 1722 603 1777 ter
660 1713 872 1777 etiam
939 1732 1138 1776 versa
1196 1720 1360 1775 sunt
1418 1723 1852 1790 antrorsum;
1914 1720 1988 1775 et
2060 1712 2219 1794 quia
2274 1711 2601 1774 interiora
2665 1730 2741 1774 se

492 1809 750 1872 sistunt
807 1808 876 1871 in
912 1806 1107 1884 facie,
1175 1806 1335 1872 ideo
1403 1806 1613 1871 facies
1673 1817 1781 1873 est
1852 1826 2026 1889 quae
2100 1805 2521 1870 determinat
2587 1805 2739 1887 pla-

491 1901 748 1985 gasſsn)

619 2021 812 2090 143·
871 2004 1007 2093 Sed
1045 2006 1230 2089 quod
1267 2006 1538 2089 angelis
1575 2027 1616 2070 a
1659 2006 1833 2072 facie
1872 2007 1965 2070 sit
2001 2006 2227 2070 oriens
2263 2005 2335 2069 in
2378 2005 2563 2070 omni
2590 2025 2737 2068 con-

491 2102 794 2168 versione
797 2103 1016 2183 faciei
1031 2112 1098 2166 et
1115 2103 1412 2184 corporis
1435 2123 1679 2180 eorum,
1702 2103 1925 2167 adhuc
1952 2103 2220 2186 aegrius
2246 2101 2739 2184 comprehendi

491 2207 734 2282 potest
772 2199 842 2262 in
879 2198 1161 2276 mundo,
1201 2217 1293 2262 ex
1333 2217 1540 2262 causa
1576 2200 1735 2282 quia
1770 2197 2031 2262 homini
2074 2218 2117 2261 a
2160 2196 2335 2262 facie
2375 2207 2481 2262 est
2517 2199 2739 2262 omnis

491 2293 702 2377 plaga
738 2293 1114 2358 secundum
1153 2294 1699 2369 conversionem,
1740 2293 1897 2358 ideo
1932 2293 2063 2358 hoc
2103 2293 2313 2356 etiam
2352 2289 2737 2375 explicabi-

491 2399 620 2454 tur.
711 2387 972 2470 Angeli
1009 2388 1320 2452 similiter
1354 2409 1434 2454 ac
1473 2388 1789 2452 homines
1827 2398 2106 2452 vertunt
2144 2397 2218 2454 et
2256 2383 2542 2454 flec'tunt
2578 2409 2737 2454 suas

489 2483 694 2550 facies
732 2493 806 2548 et
841 2503 964 2546 sua
997 2503 1287 2567 corpora
1321 2503 1890 2568 quaquaversum,
1930 2493 2005 2548 at
2042 2505 2257 2568 usque
2294 2503 2568 2567 semper
2603 2483 2737 2549 illis

489 2589 598 2644 est
645 2587 810 2643 ante
847 2577 1086 2643 oculos
1122 2579 1392 2659 oriens;
1453 2579 1577 2643 sed
1621 2579 2111 2644 conversiones
2148 2577 2557 2663 angelorum
2595 2599 2735 2644 non

489 2684 648 2739 sunt
695 2676 871 2739 sicut
907 2676 1393 2739 conversiones
1429 2675 1807 2750 hominum,
1846 2683 2009 2739 sunt
2056 2676 2239 2739 enim
2285 2696 2378 2739 ex
2424 2675 2561 2739 alia
2598 2676 2735 2741 ori·

488 2772 650 2854 gine
673 2792 690 2850 ;
737 2770 995 2833 similes
1020 2771 1296 2853 quidem
1321 2780 1683 2854 apparent,
1708 2770 1828 2835 sed
1854 2790 2067 2853 usque
2094 2788 2232 2835 non
2258 2781 2419 2835 sunt
2434 2770 2732 2849 similes;

487 2886 680 2931 amor
709 2884 1008 2949 regnans
1033 2876 1142 2931 est
1175 2867 1410 2949 orig03
1457 2886 1550 2931 ex
1587 2865 1711 2931 illo
1742 2876 1903 2929 sunt
1934 2885 2177 2930 omnes
2208 2866 2732 2931 determinatio·

491 2982 612 3027 nes
635 2961 818 3043 apud
843 2960 1134 3043 angelos
1166 2970 1239 3026 et
1263 2961 1443 3045 apud
1471 2962 1749 3045 spiritus
1771 2983 1788 3041 ;
1842 2980 2027 3037 nam,
2054 2972 2132 3026 ut
2162 2980 2333 3025 mox
2356 2982 2560 3045 supra
2585 2960 2732 3025 dic·

489 3068 634 3123 tum
671 3066 803 3132 est,
838 3056 1160 3121 interiora
1197 3076 1434 3121 eorum
1466 3054 1832 3121 actualiter
1863 3078 2062 3122 versa
2092 3067 2253 3121 sunt
2291 3056 2379 3121 ad
2418 3065 2731 3121 centrum

487 3170 681 3216 suum
719 3169 1105 3227 commune,
1144 3153 1238 3215 ita
1275 3152 1343 3216 in
1381 3152 1578 3218 caelo
1613 3152 1705 3217 ad
1745 3151 2115 3218 Dominum
2154 3163 2231 3217 ut
2269 3148 2526 3229 Solem,
2560 3172 2727 3234 qua-

487 3258 770 3329 propter
795 3248 954 3330 quia
978 3266 1170 3312 amor
1193 3246 1452 3330 jugiter
1483 3257 1591 3312 est
1617 3264 1853 3313 coram
1877 3246 2312 3313 interioribus
2336 3246 2632 3323 illorum,
2659 3257 2731 3310 et

485 3343 693 3408 facies
739 3364 830 3408 ex
883 3344 1318 3409 interioribus
1363 3344 1630 3421 existit,
1675 3352 1787 3409 est
1833 3344 2015 3409 enim
2058 3342 2277 3407 forma
2320 3360 2554 3407 eorum
2600 3362 2726 3407 ex·

486 3448 704 3516 terna,
732 3438 890 3503 ideo
921 3449 1086 3503 ante
1109 3439 1354 3503 faciem
1380 3449 1490 3505 est
1521 3458 1797 3522 semper
1820 3438 1934 3504 ille
1968 3459 2162 3503 amor
2191 3436 2307 3523 qui
2337 3446 2627 3521 regnat;
2660 3436 2727 3501 in

485 3534 697 3601 caelis
733 3534 967 3619 itaque
1005 3544 1112 3601 est
1144 3534 1480 3599 Dominus
1517 3545 1592 3600 ut
1631 3533 1777 3611 Sol,
1811 3534 1969 3618 quia
2001 3534 2159 3618 Ipse
2190 3544 2301 3599 est
2338 3554 2380 3597 a
2416 3553 2553 3618 quo
2591 3532 2727 3597 illis

483 3651 676 3696 amor
703 3628 809 3711 ;(¹⁸)
875 3641 948 3697 et
1008 3633 1166 3715 quia
1219 3631 1379 3715 Ipse
1415 3630 1753 3696 Dominus
1800 3641 1908 3694 est
1968 3632 2037 3695 in
2096 3650 2223 3695 suo
2272 3649 2509 3695 amore
2546 3630 2727 3713 apud

1288 3856 1364 3909 (xx
1389 3866 1585 3899 aucam:
1607 3856 1935 3909 cm)

487 3948 714 4089 Ιωξιν)
766 3946 946 4021 Quod
966 3964 1178 4005 omnes
1197 3949 1259 4003 in
1277 3950 1447 4005 caelo
1465 3964 1532 4006 se
1549 3959 1789 4005 vertant
1806 3950 1883 4005 ad
1908 3948 2235 4005 Dominum
2254 3952 2336 4022 (n.
2354 3950 2512 4021 9828,
2538 3966 2725 4021 10130,

708 4018 931 4090 10219[?
963 4020 1200 4090 ¹0420D·

588 4088 768 4163 Quod
799 4102 1003 4147 tamen
1033 4090 1232 4163 angeli
1257 4106 1323 4148 se
1359 4106 1482 4146 non
1516 4101 1757 4148 vertant
1792 4093 1868 4147 ad
1910 4090 2252 4157 Dominum,
2273 4092 2377 4147 sed
2412 4091 2726 4156 Dominus,

483 4162 618 4218 illos
641 4172 837 4218 vertat
861 4163 936 4217 ad
963 4162 1172 4219 Semet
1199 4164 1280 4231 (n.
1311 4163 1524 4232 10189).

589 4230 768 4316 Quod
807 4234 1146 4303 praesentia
1180 4234 1526 4306 angelorum
1551 4233 1711 4304 apud
1753 4232 2081 4289 Dominum
2121 4250 2242 4289 non
2280 4234 2378 4298 sit,
2410 4234 2517 4290 sed
2556 4250 2724 4307 prae·

482 4314 679 4359 sentia
705 4302 950 4360 Domini
981 4303 1141 4376 apud
1167 4304 1413 4377 angelos
1445 4304 1526 4375 (n.
1553 4320 1650 4375 94¹
1665 4306 1739 4375 5).

591 4404 702 4475 (n)
753 4400 933 4477 Quod
970 4420 1182 4460 omnes
1219 4404 1280 4459 in
1319 4405 1548 4461 mundo
1583 4404 1878 4476 spirituali
1903 4421 1970 4461 se
2004 4414 2357 4460 constanter
2384 4416 2621 4461 vertant
2649 4406 2723 4460 ad

482 4486 625 4531 suos
654 4490 908 4540 amores,
933 4487 996 4531 et
1026 4476 1192 4549 quod
1224 4476 1436 4547 plagae
1464 4474 1547 4532 ibi
1575 4492 1614 4532 a
1649 4474 1803 4533 facie
1832 4476 2121 4532 inchoent
2152 4486 2217 4531 et
2246 4476 2725 4535 determinentur

485 4550 567 4615 (n.
601 4559 792 4617 10130.
827 4547 1012 4617 10189,
1045 4561 1230 4613 10420,
1262 4548 1475 4615 10702).
