3371 5304
327 493 337 525 ,

579 582 692 645 162
1210 591 1308 642 DE
1353 591 1606 643 clu-:Lo
1657 593 1751 642 ετ
1798 591 2163 643 mFERNo.

570 764 760 827 Talis
805 773 912 827 est
959 763 1375 838 innocentia,
1424 783 1598 845 quae
1645 773 1931 828 vocatur
1974 765 2373 828 innocentia
2414 765 2811 848 sapientiae.

570 858 749 941 Quia
784 861 1182 923 innocentia
1225 859 1392 923 nihil
1439 859 1601 923 boni
1653 859 1781 922 sibi
1826 859 2087 934 tribuit,
2128 859 2251 923 sed
2309 879 2513 924 omne
2558 859 2813 925 bonum

571 954 850 1018 addicat
921 955 1245 1031 Domino,
1285 964 1359 1018 et
1396 957 1553 1037 quia
1575 956 1670 1018 sic
1704 964 1894 1018 amat
1933 954 2087 1019 duci
2126 976 2167 1017 a
2198 953 2519 1032 Domino,
2548 965 2621 1020 et
2654 956 2814 1020 inde

569 1060 676 1115 est
714 1052 1022 1134 receptio
1059 1053 1281 1116 omnis
1319 1051 1482 1114 boni
1520 1061 1595 1115 et
1631 1053 1798 1127 veri,
1836 1071 1933 1114 ex
1969 1051 2212 1133 quibus
2252 1053 2617 1132 sapientia,
2658 1051 2815 1116 ideo

568 1147 778 1209 homo
823 1147 922 1210 ita
951 1156 1226 1210 creatus
1255 1156 1386 1222 est,
1428 1155 1526 1222 ut,
1566 1165 1733 1209 cum·
1761 1155 1869 1209 est
1907 1145 2149 1222 infans,
2184 1146 2273 1209 sit
2313 1148 2380 1209 in
2418 1147 2819 1211 innocentia

569 1243 690 1306 sed
728 1251 1042 1316 externa,
1077 1250 1151 1307 at
1189 1261 1341 1305 cum
1381 1239 1455 1305 fit
1493 1261 1710 1305 senex
1750 1243 1841 1305 sit
1876 1241 1944 1304 in
1982 1243 2379 1306 innocentia
2409 1242 2701 1318 interna,
2738 1253 2815 1304 ut

569 1358 688 1419 per
717 1337 907 1402 illam
950 1337 1018 1400 in
1050 1335 1227 1400 hanc
1262 1346 1334 1400 et
1365 1356 1457 1399 ex
1501 1336 1631 1400 hac
1670 1337 1737 1400 in
1776 1335 1965 1400 illam
2010 1337 2283 1400 veniat:
2354 1357 2561 1419 quare
2606 1337 2811 1402 etiam

568 1435 798 1507 homo,
822 1452 975 1496 cum
1011 1431 1086 1494 fit
1119 1451 1360 1506 senex,
1395 1432 1606 1494 etiam
1640 1430 1978 1495 decrescit
2010 1449 2317 1513 corpore,
2353 1442 2425 1496 et
2450 1431 2528 1495 fit
2560 1451 2599 1496 e
2632 1451 2815 1495 novo

567 1529 742 1592 sicut
775 1527 1016 1602 infans,
1051 1527 1174 1590 sed
1213 1536 1289 1591 ut
1322 1526 1540 1590 infans
1577 1527 1874 1607 sapien3‚
1897 1526 1997 1590 ita
2032 1525 2363 1608 angelus;
2402 1545 2561 1590 nam
2593 1526 2814 1592 infans

567 1624 836 1704 sapiens
882 1623 951 1685 in
989 1623 1318 1686 eminenti
1356 1641 1561 1685 sensu
1597 1630 1709 1685 est
1746 1621 2058 1702 angelus.
2148 1621 2318 1686 Inde
2356 1630 2488 1697 est,
2529 1621 2713 1704 quod
2744 1622 2813 1684 in

567 1717 803 1781 Verbo
831 1722 872 1750 ‘⁶
893 1717 1115 1782 infans
1129 1715 1162 1744 '⁹
1193 1715 1535 1798 significet
1571 1717 2039 1792 innocentem,
2074 1725 2147 1780 et
2182 1721 2461 1782 “senex
2478 1715 2509 1742 ”
2539 1717 2811 1798 sapien-

565 1824 709 1879 tem
745 1815 814 1876 in
851 1834 987 1895 quo
1022 1807 1509 1877 innocentiaffi)

688 1922 882 1991 279.
943 1907 1268 1972 Similiter
1293 1907 1369 1972 fit
1398 1927 1551 1972 cum
1575 1907 1763 1971 omni
1794 1907 1907 1990 qui
1938 1917 2407 1990 regeneratur.
2486 1907 2811 1990 Regene-

562 2004 738 2068 ratio
775 2012 882 2066 est
930 2004 1370 2068 renascentia
1407 2005 1634 2087 quoad
1672 2003 2101 2086 spiritualem
2138 2003 2531 2066 hominem:
2578 2005 2636 2067 is
2673 2005 2808 2087 pri-

565 2118 748 2162 mum
781 2100 1243 2162 introducitur
1278 2099 1346 2162 in
1384 2099 1851 2162 innocentiam
1884 2098 2233 2174 infantiae,
2270 2119 2445 2182 quae
2482 2109 2591 2164 est
2628 2100 2811 2182 quod

565 2193 729 2256 nihil
754 2195 896 2257 veri
929 2195 1104 2257 sciat
1142 2203 1214 2257 et
1246 2193 1408 2256 boni
1441 2194 1664 2276 possit
1698 2215 1789 2258 ex
1821 2213 1919 2268 se,
1946 2194 2070 2257 sed
2102 2193 2325 2257 solum
2359 2215 2449 2258 ex
2483 2193 2807 2268 Domino,

563 2298 634 2352 et
671 2289 852 2371 quod
891 2288 1241 2352 desideret
1277 2297 1346 2352 et
1389 2297 1677 2372 appetat
1717 2287 1837 2352 illa
1873 2307 1967 2352 ex
2004 2307 2211 2351 causa
2248 2287 2469 2351 solum
2508 2289 2667 2370 quia
2702 2297 2809 2352 est

563 2403 797 2447 verum
843 2393 915 2447 et
962 2385 1120 2467 quia
1157 2394 1266 2448 est
1309 2385 1611 2461 bonum;
1673 2383 1928 2446 dantur
1972 2385 2185 2447 etiam
2230 2382 2351 2446 illa
2396 2404 2437 2446 a
2482 2382 2807 2458 Domin0,

563 2479 736 2543 sicut
769 2479 1208 2562 progreditur
1237 2488 1474 2544 aetate
1505 2502 1519 2557 ;
1569 2480 1843 2544 ducitur
1872 2478 1989 2543 ille
2022 2481 2310 2563 primum
2350 2481 2417 2542 in
2450 2480 2809 2542 scientiam

563 2574 859 2650 illorum,
909 2575 1066 2638 dein
1121 2596 1162 2639 a
1219 2575 1511 2638 scientia
1555 2576 1623 2638 in
1669 2574 2228 2657 intelligentiam,
2277 2584 2349 2638 et
2399 2575 2677 2638 demum
2722 2571 2811 2638 ab

563 2670 1029 2753 intelligentia
1075 2672 1142 2734 in
1181 2672 1618 2754 sapientiam,
1659 2690 1933 2753 semper
1968 2672 2353 2734 comitante
2392 2671 2809 2745 innocentia,

562 2787 735 2850 quae
773 2776 903 2843 est,
939 2776 1015 2831 ut
1053 2764 1309 2830 dictum
1345 2776 1475 2841 est,
1509 2766 1697 2849 quod
1728 2766 1895 2831 nihil
1928 2767 2070 2829 veri
2108 2767 2284 2829 sciat
2330 2775 2403 2829 et
2446 2765 2611 2828 nihil
2650 2765 2811 2829 boni

563 2862 782 2944 possit
815 2883 910 2926 ex
949 2884 1021 2927 se
1060 2863 1181 2927 sed
1221 2884 1310 2926 ex
1353 2861 1695 2926 Domino:
1744 2862 2005 2946 absque
2036 2862 2165 2925 hac
2202 2860 2337 2925 fide
2371 2871 2445 2925 et
2480 2860 2625 2942 ejus
2658 2880 2807 2943 per-

561 2958 881 3039 ceptione
921 2977 1127 3022 nemo
1165 2958 1418 3041 aliquid
1458 2956 1632 3021 caeli
1679 2957 1985 3038 recipere
2023 2967 2305 3039 potest3
2367 2957 2436 3019 in
2482 2976 2567 3019 eo
2613 2975 2807 3039 prae-

564 3052 758 3134 cipue
796 3054 1120 3116 consistit
1158 3054 1558 3115 inn'ocentia
1595 3052 1996 3133 sapientiae.

687 3144 890 3209 280.
952 3146 1131 3228 Quia
1175 3149 1576 3211 innocentia
1621 3156 1731 3210 est
1778 3147 1935 3210 duci
1996 3168 2037 3210 a
2096 3146 2421 3221 Domino,
2469 3157 2540 3211 et
2584 3166 2721 3210 non
2768 3166 2809 3211 a

563 3252 806 3317 semet,
841 3242 1000 3306 inde
1045 3262 1288 3305 omnes
1333 3244 1445 3324 qui
1493 3243 1559 3305 in
1609 3241 1807 3305 caelo
1852 3251 2015 3305 sunt
2062 3242 2129 3305 in
2176 3242 2576 3306 innocentia
2621 3251 2805 3315 sunt,

566 3356 723 3401 nam
773 3356 1036 3414 omneS,
1076 3338 1189 3421 qui
1237 3340 1348 3413 ibi,
1389 3346 1626 3401 amant
1662 3337 1819 3401 duci
1864 3358 1906 3401 a
1954 3338 2293 3414 Domino;
2356 3339 2580 3401 sciunt
2627 3340 2807 3403 enim

563 3434 745 3515 quod
783 3433 1032 3497 ducere
1072 3454 1145 3496 se
1183 3435 1403 3517 ipsum
1443 3435 1532 3497 sit
1571 3432 1727 3496 duci
1772 3452 1815 3496 a
1857 3434 2157 3515 proprio,
2198 3441 2271 3496 et
2318 3434 2663 3515 proprium
2700 3443 2807 3497 est

561 3548 792 3593 amare
829 3539 1072 3604 semet,
1109 3538 1180 3593 et
1219 3530 1332 3611 qui
1371 3538 1560 3592 amat
1591 3538 1817 3593 semet
1856 3548 1995 3592 non
2036 3530 2296 3609 patitur
2332 3529 2489 3591 duci
2526 3529 2613 3591 ab
2650 3528 2805 3591 alio.

563 3623 735 3687 Inde
766 3634 897 3701 est,
932 3625 1114 3708 quod
1146 3633 1480 3708 quantum
1512 3621 1803 3705 angelus
1842 3624 1908 3686 in
1942 3623 2338 3687 innocentia
2369 3633 2500 3697 est,
2534 3632 2807 3687 tantum

562 3722 629 3783 in
677 3722 871 3785 caelo
918 3722 1031 3795 sit,
1079 3720 1210 3783 hoc
1255 3728 1392 3793 est,
1441 3727 1717 3782 tantum
1784 3720 1853 3783 in
1902 3718 2154 3782 Divino
2198 3719 2383 3782 bono
2428 3737 2508 3781 ac
2557 3718 2809 3781 Divino

563 3836 746 3891 ver0,
795 3834 956 3879 nam
999 3834 1156 3879 esse
1215 3814 1284 3877 in
1345 3814 1450 3877 his
1497 3823 1605 3878 est
1651 3816 1721 3877 in
1768 3812 1985 3877 caelo.
2079 3814 2608 3895 Distinguuntur
2650 3813 2807 3877 ideo

1378 4048 1454 4099 (xx
1481 4058 1676 4089 Μαι-ΛΝΒ
1702 4048 2026 4099 etium-xnus.)

597 4148 759 4275 605⁸)
801 4146 981 4223 Quod
1035 4166 1140 4221 per
1183 4158 1214 4177 ⁴·
1233 4148 1491 4203 infantes
1509 4148 1539 4169 ”
1567 4149 1625 4203 in
1671 4146 1877 4203 Verbo
1920 4146 2291 4220 significetur
2334 4148 2679 4203 innocentia
2724 4150 2805 4215 (n.

567 4234 594 4291 5
703 4221 725 4287 )
751 4238 765 4283 ;
801 4230 864 4275 et
889 4236 1129 4291 quoque
1153 4234 1262 4290 per
1287 4218 1626 4275 “lactentes
1649 4218 1682 4239 ”
1709 4220 1790 4288 (n.
1824 4218 2004 4289 3183).

671 4290 850 4373 Quod
898 4308 1004 4363 per
1041 4298 1290 4346 “senem
1310 4291 1341 4311 ”
1379 4290 1754 4362 significetur
1788 4291 2045 4361 sapiens,
2082 4298 2145 4345 et
2188 4289 2249 4345 in
2286 4304 2467 4345 sensu
2504 4286 2807 4345 abstracto

565 4361 860 4433 sapientia
885 4364 968 4429 (n.
995 4362 1152 4431 3183.
1179 4360 1372 4431 6523st
1397 4360 1607 4431 65241).

669 4431 846 4504 Quod
879 4432 1065 4487 homo
1098 4432 1182 4487 ita
1209 4443 1447 4487 creatus
1472 4430 1568 4493 sit,
1595 4441 1662 4485 ut
1693 4441 1985 4503 quantum
2018 4431 2214 4502 vergit
2242 4431 2318 4485 ad
2349 4428 2673 4493 senectam,
2700 4430 2804 4485 fiat

563 4506 718 4559 sicut
743 4502 957 4564 infans.
983 4519 1056 4559 ac
1081 4512 1147 4557 ut
1172 4514 1320 4558 tune
1345 4502 1698 4559 innocentia
1720 4502 1889 4559 sit-in
1912 4503 2226 4573 sapientia.
2244 4518 2317 4557 ac
2338 4514 2408 4557 ut
2434 4502 2621 4559 homo
2646 4502 2705 4557 in
2731 4518 2805 4557 eo

563 4584 727 4629 statu
753 4584 1019 4630 transeat
1047 4573 1106 4629 in
1133 4575 1385 4637 caelum,
1411 4584 1475 4630 et
1500 4573 1605 4630 fiat
1629 4574 1878 4645 angelus
1907 4575 1988 4642 (n.
2016 4574 2170 4643 3183,
2202 4572 2379 4643 5608).
