3371 5304
671 643 773 696 m:
807 643 1055 696 su’ru
1091 641 1630 732 mnoczmjmss
1668 641 2152 696 ANGELomm
2193 642 2275 694 ιΝ
2315 641 2587 694 cano.
2671 627 2781 694 161

541 816 818 891 intimo,
847 816 958 880 ubi
1005 824 1230 880 status
1265 815 1707 881 innocentiae
1741 824 1895 893 est3
1951 825 2025 880 et
2072 815 2256 899 quod
2292 813 2588 879 influxus
2634 833 2783 896 per-

539 924 850 978 transeat
897 913 1222 976 interiora
1269 931 1530 986 eornm,
1577 921 1650 977 et
1696 911 1881 994 quod
1942 913 2012 976 in
2058 911 2605 994 pertranseundo
2652 929 2787 974 non

539 1007 794 1072 afficiat
842 1007 962 1071 illa
1006 1007 1133 1071 nisi
1169 1026 1377 1090 quam
1411 1027 1535 1090 per
1569 1007 2084 1085 innocentiam3
2138 1015 2211 1071 et
2257 1006 2441 1090 quod
2479 1005 2640 1070 inde
2684 1006 2789 1069 in·

541 1104 860 1168 nocentia
892 1103 1178 1166 sistatur
1212 1103 1280 1165 in
1311 1102 1484 1182 facie
1520 1112 1594 1166 et
1631 1104 1701 1166 in
1740 1102 2075 1186 aliquibus
2106 1102 2439 1184 gestibus,
2468 1109 2539 1165 et
2577 1120 2788 1184 appa-

541 1208 732 1276 reat;
784 1208 862 1262 et
905 1197 1088 1281 quod
1126 1197 1246 1260 illa
1287 1198 1404 1272 sit,
1441 1217 1574 1281 qua
1618 1197 1863 1262 intime
1910 1195 2297 1261 afficiuntur
2333 1205 2679 1279 parentes,
2720 1204 2791 1259 et

537 1293 702 1357 facit
738 1311 1048 1356 amorem
1081 1292 1198 1375 qui
1231 1301 1523 1357 vocatur
1559 1301 1820 1374 storge.

662 1387 852 1470 278.
913 1387 1321 1452 Innocentia
1377 1389 1762 1470 sapientiae
1827 1396 1937 1452 est
2004 1387 2299 1470 genuina
2364 1387 2785 1459 innocentia,

537 1484 698 1567 quia
723 1492 830 1548 est
861 1483 1134 1548 interna
1161 1503 1178 1562 ;
1224 1501 1384 1546 nam
1409 1492 1516 1548 est
1549 1483 1761 1565 ipsius
1792 1485 2067 1560 mentis,
2102 1483 2197 1546 ita
2228 1483 2437 1565 ipsius
2466 1483 2785 1547 volunta-

537 1581 628 1642 tis
663 1589 738 1644 et
774 1579 936 1643 inde
975 1577 1415 1656 intelle-stum
1463 1588 1536 1642 et
1572 1597 1728 1643 cum
1774 1579 1843 1642 in
1886 1579 2022 1643 illis
2068 1587 2174 1643 est
2220 1579 2641 1652 innocentia,
2679 1589 2788 1643 est

537 1695 806 1758 quoque
844 1675 1206 1758 sapientia,
1240 1693 1398 1738 nam
1432 1674 1773 1758 sapientia
1806 1685 1917 1739 est
1952 1675 2247 1739 illorum.
2338 1673 2507 1737 Inde
2540 1675 2791 1739 dicitur

537 1769 605 1834 in
668 1769 886 1845 caelo,
927 1769 1112 1852 quod
1171 1770 1568 1834 innocentia
1616 1769 1889 1834 habitet
1944 1771 2013 1833 in
2070 1771 2431 1852 sapientia,
2479 1779 2551 1833 et
2605 1769 2787 1852 quod

538 1873 811 1929 tantum
837 1865 1222 1947 sapientiae
1251 1867 1339 1928 sit
1366 1865 1642 1947 ange10,
1669 1875 2003 1949 quantum
2028 1867 2089 1930 ei
2122 1866 2559 1929 innocentia:
2604 1865 2789 1948 quod
2868 1923 2871 1927 .

536 1962 634 2026 ita
678 1962 792 2036 ait,
831 1961 1242 2026 confirmant
1289 1979 1410 2042 per
1451 1960 1544 2036 id,
1590 1961 1779 2044 quod
1822 1963 1935 2044 qui
1994 1962 2065 2024 in
2116 1961 2555 2024 innocentiae
2601 1969 2788 2025 statu

535 2064 716 2132 sunt,
753 2055 883 2119 sibi
920 2055 1086 2120 nihil
1125 2055 1288 2118 boni
1325 2056 1655 2130 tribuant,
1690 2055 1814 2119 sed
1850 2065 2143 2139 accepta
2174 2056 2397 2120 ferant
2455 2063 2527 2117 et
2592 2055 2785 2118 addi-

534 2158 702 2214 cent
737 2151 968 2214 omnia
1005 2151 1348 2228 Domino;
1397 2150 1582 2233 quod
1627 2148 1845 2215 velint
1892 2151 2047 2214 duci
2091 2151 2181 2214 ab
2228 2150 2409 2232 Ipso,
2442 2161 2515 2214 et
2563 2169 2699 2214 non
2748 2170 2789 2214 a

537 2255 758 2310 semet
785 2266 805 2324 ;
850 2246 1033 2329 quod
1067 2255 1304 2309 ament
1335 2265 1541 2310 omne
1573 2246 1758 2330 quod
1796 2245 2051 2310 bonum
2084 2254 2215 2321 est,
2248 2256 2321 2310 et
2354 2241 2789 2310 delectentur

535 2341 720 2404 omni
745 2341 931 2423 quod
957 2361 1190 2404 verum
1217 2351 1348 2416 est,
1375 2343 1534 2424 quia
1563 2342 1789 2405 sciunt
1822 2351 1895 2406 et
1924 2342 2307 2425 percipiunt
2340 2341 2523 2424 quod
2557 2361 2785 2406 amare

537 2435 815 2511 bonum,
842 2436 944 2500 ita
973 2435 1154 2500 velle
1185 2446 1260 2500 et
1289 2436 1512 2500 facere
1545 2437 1637 2512 id,
1661 2438 1754 2501 sit
1779 2456 2009 2501 amare
2034 2437 2429 2512 Dominum,
2453 2446 2523 2502 et
2556 2455 2786 2500 amare

533 2550 768 2595 verum
793 2531 883 2596 sit
905 2549 1140 2595 amare
1161 2533 1551 2613 proximum
1581 2553 1597 2608 ;
1644 2532 1829 2616 quod
1853 2533 2090 2596 vivant
2116 2532 2429 2596 contenti
2456 2531 2614 2606 suis,
2642 2533 2784 2596 sive

537 2646 754 2711 pauca
798 2627 936 2691 sint
982 2628 1124 2691 sive
1171 2627 1411 2702 muita,
1445 2619 1610 2709 ⁴quia
1653 2629 1877 2694 sciunt
1915 2628 2099 2713 quod
2138 2636 2411 2693 tantum
2448 2627 2782 2709 recipiant

536 2733 868 2806 quantum
933 2723 1282 2797 conducit,
1351 2742 1568 2805 pauca
1632 2724 1874 2805 quibus
1940 2724 2267 2788 conducit
2331 2742 2645 2806 paucum,
2712 2734 2781 2788 et

537 2818 754 2881 multa
809 2818 1057 2901 quibus
1103 2818 1427 2882 conducit
1477 2817 1791 2894 multum,
1840 2828 1910 2883 et
1960 2820 2144 2902 quod
2204 2818 2301 2882 illi
2362 2838 2500 2881 non
2558 2818 2779 2881 sciant

535 2914 697 2999 quid
741 2914 1067 2978 conducit
1114 2913 1272 2988 illis,
1312 2914 1435 2977 sed
1479 2914 1704 2978 solum
1744 2912 2100 2990 Dominus„
2140 2914 2245 2979 cui
2290 2925 2577 2979 aeterna
2620 2925 2781 2979 sunt

535 3010 763 3073 omnia
799 3028 974 3091 quae
1013 3010 1375 3091 providet:
1437 3008 1599 3074 inde
1653 3028 1781 3073 nec
1828 3017 1987 3073 sunt
2036 3010 2315 3074 solliciti
2362 3010 2449 3073 de
2495 3009 2781 3085 suturis;

533 3103 1065 3169 sollicitudinem
1106 3104 1191 3167 de
1229 3103 1468 3167 suturis
1498 3113 1757 3169 vocant
1789 3123 2020 3168 curam
2058 3124 2183 3186 pro
2220 3104 2543 3178 crastino,
2578 3124 2780 3188 quam

534 3197 772 3264 dicunt
816 3218 970 3265 esse
1029 3199 1340 3263 dolorem
1403 3200 1496 3263 ob
1548 3195 1883 3281 jacturam
1936 3208 2056 3263 aut
2116 3218 2253 3263 non
2310 3200 2780 3281 receptionem

536 3292 774 3357 talium
815 3314 992 3377 quae
1036 3314 1175 3358 non
1223 3295 1608 3358 necessaria
1645 3302 1806 3357 sunt
1850 3293 1937 3357 ad
1985 3314 2145 3357 usus
2180 3295 2403 3358 vitae:
2468 3313 2621 3358 cum
2668 3316 2779 3359 so-

535 3388 655 3451 ciis
699 3407 1050 3473 nunquam
1089 3399 1308 3471 agunt
1355 3409 1446 3455 ex
1493 3386 1626 3453 fine
1671 3388 1857 3465 mali,
1897 3390 2019 3453 sed
2067 3410 2157 3453 ex
2218 3389 2423 3464 bono,
2462 3387 2655 3469 justo
2710 3400 2781 3454 et

535 3482 846 3561 sincero;
909 3504 1116 3567 agere
1163 3504 1254 3547 ex
1301 3482 1436 3547 fine
1482 3484 1644 3547 mali
1683 3492 1937 3548 vocant
1984 3493 2233 3559 astum,
2273 3504 2475 3566 quem
2513 3483 2779 3566 fugiunt

533 3578 710 3643 sicut
741 3598 1082 3643 venenum
1114 3580 1476 3660 serpentis,
1511 3580 1831 3661 quoniam
1864 3589 1973 3644 est
2004 3600 2279 3662 prorsus
2309 3589 2553 3643 contra
2582 3582 2777 3645 inno-

533 3676 856 3739 centiam.
947 3672 1128 3756 Quia
1173 3672 1342 3737 nihil
1398 3674 1550 3755 plus
1603 3676 1840 3739 amant
1887 3694 2092 3757 quam
2139 3675 2295 3739 duci
2353 3695 2394 3739 a
2453 3675 2775 3751 Domino,

533 3780 604 3832 et
643 3771 802 3851 quia
840 3769 977 3851 Ipsi
1015 3778 1306 3851 accepta
1341 3769 1570 3833 ferunt
1606 3771 1859 3844 omnia,
1898 3770 2057 3834 ideo
2092 3770 2340 3833 remoti
2377 3780 2537 3832 sunt
2568 3790 2611 3833 a
2653 3789 2777 3834 suo

533 3866 826 3946 proprio,
873 3874 948 3929 et
1005 3875 1336 3949 quantum
1375 3866 1619 3928 remoti
1677 3885 1719 3928 a
1770 3884 1895 3928 suo
1952 3866 2229 3947 proprio
2272 3875 2455 3939 sunt,
2504 3875 2775 3929 tantum

533 3960 750 4027 influit
783 3960 1120 4025 Dominus
1147 3982 1164 4040 ;
1203 3960 1362 4025 inde
1398 3971 1530 4035 est,
1557 3961 1740 4044 quod
1772 3980 1945 4042 quae
1971 3960 2256 4024 audiunt
2288 3960 2377 4023 ab
2414 3960 2597 4042 IpSO,
2632 3960 2775 4023 sive

530 4057 618 4119 sit
659 4057 887 4120 medio
930 4055 1188 4131 Verbo,
1229 4057 1373 4120 sive
1410 4056 1636 4121 media
1673 4055 2211 4139 praedicatione,
2252 4074 2387 4119 non
2426 4065 2772 4138 reponant

531 4151 600 4214 in
633 4151 982 4225 memoria,
999 4150 1130 4231 ⁴sed
1155 4152 1396 4215 statim
1421 4150 1774 4227 obediant,
1799 4150 1932 4215 hoc
1966 4159 2095 4227 est,
2122 4149 2340 4213 velint
2374 4159 2447 4216 et
2476 4150 2773 4228 saciant3

531 4246 853 4311 voluntas
897 4255 1005 4311 est
1052 4248 1200 4329 ipsa
1237 4246 1507 4311 illorum
1545 4248 1895 4311 memoria.
1984 4246 2094 4310 Illi
2132 4245 2572 4329 utplurimum
2610 4245 2773 4310 sim-

530 4342 744 4423 plices
777 4342 846 4405 in
878 4350 1172 4407 externa
1201 4341 1420 4405 forma
1449 4350 1807 4425 apparent,
1840 4342 1965 4405 sed
1995 4340 2343 4423 sapientes
2373 4350 2447 4405 et
2477 4340 2771 4423 pruden-

531 4446 642 4502 tes
663 4438 731 4501 in
755 4438 1026 4503 interna
1043 4446 1248 4517 sunt3
1293 4436 1390 4501 illi
1417 4445 1577 4502 sunt
1601 4436 1715 4519 qui
1740 4434 2220 4519 intelliguntur
2241 4456 2284 4499 a
2308 4434 2629 4511 Domine,

629 4572 660 4595 ⁸·
677 4570 1184 4699 Εεῐοὲοιιὲῗᾱοηωο
1205 4570 1346 4622 slent
1367 4578 1666 4635 serpentes,
1684 4578 1742 4622 et
1762 4570 2037 4636 simplices
2060 4570 2198 4621 sicut
2215 4568 2498 4621 columbae
2511 4568 2772 4632 'Quarta
