3371 5304
642 639 766 706 370
1291 633 1390 684 m:
1437 632 1691 684 cAnno
1738 633 1835 683 ET
1880 631 2243 684 INFERNO.

635 805 1000 882 vindictae,
1023 827 1196 890 quae
1221 815 1380 871 sunt
1407 805 1588 870 mala
1619 805 1797 870 illius
1829 807 2113 882 amoris?
2126 815 2203 869 ut
2234 823 2437 889 supra
2462 801 2718 869 die'tum
2750 816 2882 870 est.

637 901 891 968 Omnia
941 904 1201 967 inferna
1253 903 1432 967 tales
1485 903 1862 966 societates
1916 913 2121 982 sunt;
2190 921 2397 985 quare
2450 901 2542 965 ibi
2594 901 2879 984 quisque

635 1001 842 1064 corde
879 1001 1060 1084 gerit
1099 999 1332 1064 odium
1371 1009 1618 1063 contra
1655 997 1974 1074 alterum,
2010 1019 2089 1062 ac
2136 1017 2225 1062 ex
2274 999 2437 1062 odio
2466 999 2769 1080 erumpit
2810 999 2881 1061 in

635 1115 862 1171 saeva,
911 1105 1246 1178 quantum
1290 1094 1503 1158 valet.
1587 1093 1745 1157 Hae
1790 1095 2119 1158 saevitiae
2178 1103 2252 1158 et
2317 1094 2477 1156 inde
2534 1093 2881 1157 cruciatus

635 1191 1119 1274 intelliguntur
1149 1191 1360 1255 etiam
1397 1211 1520 1274 per
1555 1190 1790 1273 ignem
1822 1189 2248 1267 infernalem,
2286 1209 2445 1254 nam
2474 1201 2645 1254 sunt
2676 1189 2877 1254 effec-

633 1295 748 1352 tus
784 1287 1262 1369 cupiditatum.

757 1395 953 1465 5¹74.
1015 1379 1230 1463 Supra
1267 1377 1362 1464 (n.
1400 1378 1551 1463 548)
1585 1388 1939 1444 ostensum
1971 1389 2103 1456 est,
2130 1379 2310 1463 quod
2344 1381 2619 1464 spiritus
2656 1379 2879 1444 malus

635 1497 710 1540 se
747 1485 998 1558 sponte
1029 1475 1352 1557 conjiciat
1391 1477 1460 1540 in
1497 1475 1879 1539 infernum:
1928 1495 2139 1558 quare
2178 1477 2387 1539 etiam
2427 1477 2661 1558 paucis
2690 1476 2877 1539 dice·

633 1581 765 1646 tur,
808 1572 988 1634 unde
1047 1571 1178 1634 hoc
1231 1570 1333 1647 fit,
1373 1589 1527 1634 cum
1582 1580 1819 1634 tamen
1876 1570 1943 1633 in
2000 1570 2265 1634 inferno
2321 1571 2503 1635 tales
2538 1571 2881 1634 cruciatus

633 1676 812 1729 sunt.
905 1665 1018 1728 Ex
1051 1664 1362 1748 quolibet
1391 1665 1656 1729 inferno
1688 1663 2059 1729 exhalatur
2084 1665 2373 1746 sphaera
2398 1665 2874 1747 cupiditatum,

634 1762 701 1824 in
747 1762 989 1844 quibus
1028 1770 1188 1824 sunt
1235 1759 1334 1824 illi
1379 1763 1493 1843 qui
1540 1759 1649 1824 ibi.
1746 1759 1941 1823 Haec
1981 1759 2276 1842 sphaera
2312 1779 2465 1824 cum
2507 1761 2878 1842 percipitur

633 1855 720 1919 ab
765 1856 888 1919 illo
924 1857 1038 1937 qui
1082 1855 1151 1918 in
1197 1854 1398 1918 simili
1437 1855 1818 1937 cupiditate
1865 1864 1996 1930 est,
2031 1854 2324 1918 afficitur
2360 1856 2589 1930 corde,
2630 1867 2703 1918 et
2749 1856 2875 1918 im·

635 1952 860 2032 pletur
898 1949 1242 2032 jucund03
1311 1967 1472 2013 nam
1533 1951 1871 2032 cupiditas
1918 1961 1990 2014 et
2050 1949 2193 2031 ejus
2233 1949 2623 2032 jucunditas
2666 1967 2875 2013 unum

631 2046 929 2125 faciunt3
995 2045 1178 2128 quod
1223 2047 1407 2110 enim
1453 2043 1697 2128 aliquis
1743 2046 1957 2126 cupit,
2006 2045 2137 2108 hoc
2192 2047 2253 2108 ei
2306 2044 2678 2127 jucundum
2722 2055 2874 2116 est:

631 2141 789 2204 inde
827 2150 957 2215 est,
999 2140 1183 2224 quod
1229 2141 1500 2223 spiritus
1547 2161 1623 2204 se
1668 2139 1827 2204 illuc
1867 2149 2255 2216 convertat,
2296 2150 2368 2204 et
2415 2140 2577 2204 illuc
2622 2159 2713 2204 ex
2766 2139 2873 2221 ju·

634 2237 858 2300 cundo
897 2237 1123 2300 cordis
1168 2238 1445 2318 cupiat;
1514 2236 1822 2299 nondum
1850 2237 2053 2300 'enim
2112 2236 2241 2300 scit
2294 2235 2479 2318 quod
2546 2236 2724 2300 tales
2781 2235 2875 2298 ibi

633 2333 973 2395 cruciatus
1005 2332 1166 2407 sint,
1195 2341 1266 2395 et
1305 2332 1419 2414 qui
1451 2331 1582 2394 scit
1615 2351 1830 2413 usque
1868 2331 2029 2394 illuc
2063 2332 2255 2412 cupit
2284 2345 2299 2408 3
2349 2349 2554 2396 nemo
2584 2332 2765 2394 enim
2804 2332 2872 2393 in

631 2427 887 2490 mundo
924 2425 1256 2510 spirituali
1293 2425 1612 2491 resistere
1650 2435 1887 2508 potest
1926 2427 2283 2508 cupiditati
2329 2445 2514 2503 suae,
2554 2428 2710 2510 quia
2755 2447 2873 2491 cu-

631 2523 886 2604 piditas
943 2531 1050 2585 est
1107 2520 1249 2604 ejus
1307 2522 1580 2597 amoriS,
1620 2532 1695 2586 et
1754 2541 1949 2585 amor
1998 2530 2105 2584 est
2160 2520 2303 2602 ejus
2348 2521 2751 2598 voluntatis,
2798 2533 2873 2586 et

630 2617 954 2682 voluntas
999 2626 1109 2682 est
1153 2615 1296 2698 ejus
1333 2627 1642 2693 naturae,
1677 2625 1750 2681 et
1788 2617 2069 2699 quisque
2122 2616 2211 2680 ibi
2269 2635 2363 2680 ex
2419 2626 2669 2680 natura
2702 2617 2869 2699 agit.

631 2711 804 2777 Cum
835 2712 1072 2793 itaque
1103 2713 1378 2793 spiritus
1415 2730 1538 2775 sua
1569 2722 1820 2794 sponte
1858 2722 1975 2775 aut
2012 2730 2105 2773 ex
2143 2730 2267 2774 suo
2298 2712 2513 2775 libero
2550 2711 2745 2776 alluit
2782 2713 2872 2776 ad

631 2826 825 2871 suum
871 2807 1229 2883 infernum,
1278 2826 1360 2871 ac
1405 2807 1646 2883 intrat,
1688 2818 1854 2871 tunc
1900 2807 2188 2888 primum
2235 2807 2581 2889 excipitur
2624 2808 2866 2885 amice,

630 2903 921 2966 credens
967 2903 1060 2966 sic
1106 2902 1290 2985 quod
1336 2904 1518 2967 inter
1562 2904 1823 2966 amicos
1859 2902 2165 2979 venerit3
2234 2902 2358 2965 sed
2411 2902 2543 2965 hoc
2604 2912 2871 2983 perstat

631 2997 838 3061 modo
886 3018 1006 3079 per
1037 2997 1300 3080 aliquot
1345 2996 1551 3061 horas
1575 3019 1591 3076 ;
1647 2999 1915 3061 interea
1950 2996 2358 3077 exploratur
2388 2996 2575 3079 quali
2618 3000 2870 3063 astutia

629 3101 760 3167 est,
801 3100 872 3155 et
921 3092 1080 3155 inde
1125 3090 1310 3174 quali
1357 3092 1636 3156 valore:
1700 3112 1839 3175 quo
1884 3092 2264 3175 explorato
2300 3093 2633 3174 incipiunt
2678 3092 2867 3157 illum

629 3186 973 3263 infestare,
1000 3195 1071 3250 et
1103 3186 1235 3250 hoc
1267 3187 1470 3250 variis
1503 3187 1746 3261 modiS,
1780 3205 1861 3250 ac
1895 3186 2282 3249 successive
2306 3187 2526 3249 acrius
2556 3196 2629 3251 et
2658 3188 2867 3252 vehe-

631 3281 950 3357 mentiuS,
999 3281 1180 3363 quod
1227 3282 1303 3345 fit
1351 3302 1470 3364 per
1513 3278 2094 3345 introductionem
2140 3281 2425 3345 interius
2470 3290 2545 3345 et
2590 3282 2867 3365 pmfun-

626 3376 780 3439 dius
824 3376 890 3439 in
937 3376 1314 3439 infernum:
1370 3396 1528 3440 nam
1574 3396 1711 3459 quo
1747 3377 2029 3440 interius
2074 3386 2146 3439 et
2194 3375 2587 3457 profundius
2630 3378 2743 3453 ibi,
2782 3398 2869 3442 eo

631 3471 1070 3553 maligniores
1128 3472 1441 3554 spiritus,
1472 3482 1656 3535 sunt.
1765 3470 1929 3534 Post
1996 3470 2475 3534 infestationes
2530 3472 2869 3553 incipiunt

630 3567 890 3631 saevire
949 3568 1018 3630 in
1064 3566 1254 3631 illum
1301 3584 1422 3649 per
1467 3585 1749 3648 poenaS,
1788 3575 1861 3629 et
1908 3565 2041 3629 hoc
2088 3584 2299 3648 usque
2344 3566 2505 3629 dum
2551 3564 2869 3631 redactus

629 3671 738 3725 est
803 3662 873 3725 in
939 3680 1229 3725 servum.
1318 3659 1454 3725 Sed
1513 3662 1669 3743 quia
1733 3660 1824 3724 ibi
1890 3661 2217 3723 continue
2274 3660 2571 3724 rebelles
2640 3672 2869 3725 motus

627 3758 964 3832 existunt,
993 3758 1312 3840 quoniam
1331 3756 1613 3839 quisque
1645 3756 1735 3820 ibi
1766 3755 1917 3818 vult
1948 3757 2289 3819 maximus
2320 3774 2492 3833 esse,
2518 3766 2593 3820 et
2624 3764 2868 3821 contra

627 3852 802 3915 alios
839 3853 1002 3915 odio
1035 3850 1305 3934 flagrat,
1339 3852 1496 3915 inde
1529 3852 1690 3915 novi
1726 3850 2057 3929 insultus;
2104 3852 2200 3913 sic
2240 3869 2374 3913 una
2402 3868 2613 3915 scena
2642 3860 2869 3915 muta-

629 3958 739 4011 tur
783 3947 851 4009 in
889 3947 1229 4027 alteram;
1290 3966 1498 4029 quare
1535 3945 1634 4009 illi
1679 3946 1793 4028 qui
1829 3946 2009 4010 servi
2054 3944 2212 4010 sac'ti
2250 3954 2413 4009 sunt
2450 3946 2866 4023 eximuntur,

630 4051 703 4106 ut
744 4050 1102 4123 praestent
1140 4060 1343 4125 opem
1382 4060 1568 4105 novo
1605 4042 1881 4105 cuidam
1918 4041 2197 4105 diabolo
2233 4040 2321 4104 ad
2360 4040 2863 4123 subjugandum

629 4134 846 4215 alios;
895 4145 1058 4201 tunc
1097 4136 1196 4201 illi
1231 4137 1346 4219 qui
1383 4156 1457 4200 se
1495 4156 1633 4200 non
1673 4137 2109 4213 submittunt,
2150 4146 2221 4199 et
2250 4136 2338 4199 ad
2378 4145 2619 4200 nutum
2658 4135 2869 4200 servi·

629 4240 776 4309 unt,
816 4232 1062 4297 iterum
1098 4233 1302 4296 variis
1339 4232 1562 4297 modis
1599 4231 2011 4307 cruciantur,
2046 4240 2122 4295 et
2154 4231 2247 4294 sic
2296 4231 2641 4298 continue.
2726 4229 2867 4294 Ta-

630 4328 730 4392 les
789 4328 1130 4393 cruciatus
1187 4337 1349 4393 sunt
1406 4326 1757 4392 cruciatus
1814 4325 2074 4402 inferni,
2114 4326 2227 4409 qui
2280 4326 2464 4408 ignis
2521 4324 2867 4390 infernalis

628 4431 982 4486 vocantur.

753 4528 948 4601 575.
1007 4514 1279 4581 Stridor
1314 4524 1546 4581 autem
1592 4514 1903 4580 dentium
1940 4524 2052 4579 est
2086 4516 2415 4579 continua
2450 4514 2867 4601 disceptatio

629 4620 699 4675 et
730 4629 961 4699 pugna
997 4611 1322 4677 falsorum
1369 4612 1552 4676 inter
1595 4632 1692 4689 se,
1734 4610 2019 4694 proinde
2064 4610 2337 4675 illorum
2380 4612 2495 4695 qui
2554 4612 2623 4676 in
2684 4611 2867 4677 falsis
