<?xml version="1.0" encoding="UTF-8"?>
<!DOCTYPE html PUBLIC "-//W3C//DTD XHTML 1.0 Transitional//EN"
    "http://www.w3.org/TR/xhtml1/DTD/xhtml1-transitional.dtd">
<html xmlns="http://www.w3.org/1999/xhtml" xml:lang="en" lang="en">
 <head>
  <title>
</title>
<meta http-equiv="Content-Type" content="text/html;charset=utf-8" />
  <meta name='ocr-system' content='tesseract 3.04.00' />
  <meta name='ocr-capabilities' content='ocr_page ocr_carea ocr_par ocr_line ocrx_word'/>
</head>
<body>
  <div class='ocr_page' id='page_1' title='image "./exauditisetvisi00swedgoog_0356.png"; bbox 0 0 3371 5304; ppageno 0'>
   <div class='ocr_carea' id='block_1_1' title="bbox 527 628 2128 697">
    <p class='ocr_par' dir='ltr' id='par_1_1' title="bbox 527 628 2128 697">
     <span class='ocr_line' id='line_1_1' title="bbox 527 628 2128 697; baseline 0.004 -18"><span class='ocrx_word' id='word_1_1' title='bbox 527 629 652 697; x_wconf 84' lang='grc'>350</span> <span class='ocrx_word' id='word_1_2' title='bbox 1172 629 1276 680; x_wconf 82' lang='lat' dir='ltr'>DE</span> <span class='ocrx_word' id='word_1_3' title='bbox 1320 628 1572 682; x_wconf 77' lang='lat' dir='ltr'>CAELO</span> <span class='ocrx_word' id='word_1_4' title='bbox 1619 631 1717 681; x_wconf 88' lang='grc' dir='ltr'>ΕΤ</span> <span class='ocrx_word' id='word_1_5' title='bbox 1762 631 2128 685; x_wconf 84' lang='lat' dir='ltr'>INFERNO.</span> 
     </span>
    </p>
   </div>
   <div class='ocr_carea' id='block_1_2' title="bbox 515 801 2771 3753">
    <p class='ocr_par' dir='ltr' id='par_1_2' title="bbox 519 801 2771 1916">
     <span class='ocr_line' id='line_1_2' title="bbox 522 801 2765 887; baseline 0.003 -23"><span class='ocrx_word' id='word_1_6' title='bbox 522 809 855 882; x_wconf 87' lang='lat' dir='ltr'>reguntur</span> <span class='ocrx_word' id='word_1_7' title='bbox 892 820 1015 883; x_wconf 88' lang='lat' dir='ltr'>per</span> <span class='ocrx_word' id='word_1_8' title='bbox 1050 801 1377 882; x_wconf 81' lang='lat' dir='ltr'>timores3</span> <span class='ocrx_word' id='word_1_9' title='bbox 1439 802 1716 887; x_wconf 85' lang='lat' dir='ltr'>quidam</span> <span class='ocrx_word' id='word_1_10' title='bbox 1754 823 1876 886; x_wconf 85' lang='lat' dir='ltr'>per</span> <span class='ocrx_word' id='word_1_11' title='bbox 1920 804 2377 886; x_wconf 84' lang='lat' dir='ltr'>implantatos</span> <span class='ocrx_word' id='word_1_12' title='bbox 2424 815 2495 870; x_wconf 89' lang='lat' dir='ltr'>et</span> <span class='ocrx_word' id='word_1_13' title='bbox 2540 803 2765 870; x_wconf 85' lang='lat' dir='ltr'>adhuc</span> 
     </span>
     <span class='ocr_line' id='line_1_3' title="bbox 521 896 2771 982; baseline 0.002 -22"><span class='ocrx_word' id='word_1_14' title='bbox 521 896 772 960; x_wconf 84' lang='lat' dir='ltr'>insitos</span> <span class='ocrx_word' id='word_1_15' title='bbox 831 918 868 960; x_wconf 90' lang='lat' dir='ltr'>e</span> <span class='ocrx_word' id='word_1_16' title='bbox 915 897 1220 976; x_wconf 89' lang='lat' dir='ltr'>mundo;</span> <span class='ocrx_word' id='word_1_17' title='bbox 1281 897 1406 962; x_wconf 89' lang='lat' dir='ltr'>sed</span> <span class='ocrx_word' id='word_1_18' title='bbox 1451 899 1612 982; x_wconf 89' lang='lat' dir='ltr'>quia</span> <span class='ocrx_word' id='word_1_19' title='bbox 1653 898 1725 962; x_wconf 79' lang='lat' dir='ltr'>hi</span> <span class='ocrx_word' id='word_1_20' title='bbox 1771 901 2057 964; x_wconf 87' lang='lat' dir='ltr'>timores</span> <span class='ocrx_word' id='word_1_21' title='bbox 2104 919 2243 964; x_wconf 92' lang='lat' dir='ltr'>non</span> <span class='ocrx_word' id='word_1_22' title='bbox 2290 899 2659 976; x_wconf 85' lang='lat' dir='ltr'>sufficiunt,</span> <span class='ocrx_word' id='word_1_23' title='bbox 2696 910 2771 964; x_wconf 87' lang='lat' dir='ltr'>et</span> 
     </span>
     <span class='ocr_line' id='line_1_4' title="bbox 521 992 2767 1080; baseline 0.001 -24"><span class='ocrx_word' id='word_1_24' title='bbox 521 1012 790 1076; x_wconf 89' lang='lat' dir='ltr'>quoque</span> <span class='ocrx_word' id='word_1_25' title='bbox 836 992 1200 1075; x_wconf 84' lang='lat' dir='ltr'><strong>paullatim</strong></span> <span class='ocrx_word' id='word_1_26' title='bbox 1237 993 1596 1070; x_wconf 80' lang='lat' dir='ltr'>recedunt,</span> <span class='ocrx_word' id='word_1_27' title='bbox 1633 1004 1967 1076; x_wconf 87' lang='lat' dir='ltr'>reguntur</span> <span class='ocrx_word' id='word_1_28' title='bbox 2010 1015 2133 1080; x_wconf 88' lang='lat' dir='ltr'>per</span> <span class='ocrx_word' id='word_1_29' title='bbox 2177 997 2463 1059; x_wconf 85' lang='lat' dir='ltr'>timores</span> <span class='ocrx_word' id='word_1_30' title='bbox 2510 1015 2767 1076; x_wconf 85' lang='lat' dir='ltr'>poena-</span> 
     </span>
     <span class='ocr_line' id='line_1_5' title="bbox 521 1089 2769 1172; baseline 0.002 -22"><span class='ocrx_word' id='word_1_31' title='bbox 521 1107 694 1164; x_wconf 89' lang='lat' dir='ltr'>rum,</span> <span class='ocrx_word' id='word_1_32' title='bbox 755 1108 876 1170; x_wconf 89' lang='lat' dir='ltr'>per</span> <span class='ocrx_word' id='word_1_33' title='bbox 934 1109 1108 1171; x_wconf 89' lang='lat' dir='ltr'>quos</span> <span class='ocrx_word' id='word_1_34' title='bbox 1165 1089 1498 1172; x_wconf 83' lang='lat' dir='ltr'>imprimis</span> <span class='ocrx_word' id='word_1_35' title='bbox 1555 1089 1997 1154; x_wconf 85' lang='lat' dir='ltr'>deterrentur</span> <span class='ocrx_word' id='word_1_36' title='bbox 2058 1111 2102 1154; x_wconf 89' lang='lat' dir='ltr'>a</span> <span class='ocrx_word' id='word_1_37' title='bbox 2158 1089 2359 1154; x_wconf 85' lang='lat' dir='ltr'>malis</span> <span class='ocrx_word' id='word_1_38' title='bbox 2416 1090 2769 1155; x_wconf 79' lang='lat' dir='ltr'>faciendis,</span> 
     </span>
     <span class='ocr_line' id='line_1_6' title="bbox 521 1181 2768 1270; baseline 0.002 -24"><span class='ocrx_word' id='word_1_39' title='bbox 521 1181 791 1247; x_wconf 86' lang='lat' dir='ltr'>Poenae</span> <span class='ocrx_word' id='word_1_40' title='bbox 823 1183 914 1246; x_wconf 91' lang='lat' dir='ltr'>ibi</span> <span class='ocrx_word' id='word_1_41' title='bbox 939 1195 1099 1248; x_wconf 86' lang='lat' dir='ltr'>sunt</span> <span class='ocrx_word' id='word_1_42' title='bbox 1125 1184 1566 1270; x_wconf 77' lang='lat' dir='ltr'>multipliceS,</span> <span class='ocrx_word' id='word_1_43' title='bbox 1593 1185 1890 1249; x_wconf 91' lang='lat' dir='ltr'>leniores</span> <span class='ocrx_word' id='word_1_44' title='bbox 1913 1196 1987 1250; x_wconf 87' lang='lat' dir='ltr'>et</span> <span class='ocrx_word' id='word_1_45' title='bbox 2016 1185 2369 1268; x_wconf 87' lang='lat' dir='ltr'>graviores</span> <span class='ocrx_word' id='word_1_46' title='bbox 2392 1187 2768 1251; x_wconf 86' lang='lat' dir='ltr'>secundum</span> 
     </span>
     <span class='ocr_line' id='line_1_7' title="bbox 521 1278 2769 1365; baseline 0 -22"><span class='ocrx_word' id='word_1_47' title='bbox 521 1279 724 1343; x_wconf 86' lang='lat' dir='ltr'>mala.</span> <span class='ocrx_word' id='word_1_48' title='bbox 809 1279 1276 1361; x_wconf 89' lang='lat' dir='ltr'>Utplurimum</span> <span class='ocrx_word' id='word_1_49' title='bbox 1303 1278 1786 1362; x_wconf 87' lang='lat' dir='ltr'>praeficiuntur</span> <span class='ocrx_word' id='word_1_50' title='bbox 1814 1280 1969 1344; x_wconf 86' lang='lat' dir='ltr'>aliis</span> <span class='ocrx_word' id='word_1_51' title='bbox 1994 1280 2459 1362; x_wconf 72' lang='lat' dir='ltr'>maligniores»,</span> <span class='ocrx_word' id='word_1_52' title='bbox 2480 1282 2595 1365; x_wconf 89' lang='lat' dir='ltr'>qui</span> <span class='ocrx_word' id='word_1_53' title='bbox 2626 1281 2769 1345; x_wconf 88' lang='lat' dir='ltr'>cal-</span> 
     </span>
     <span class='ocr_line' id='line_1_8' title="bbox 521 1373 2769 1459; baseline 0.001 -21"><span class='ocrx_word' id='word_1_54' title='bbox 521 1373 795 1439; x_wconf 84' lang='lat' dir='ltr'>liditate</span> <span class='ocrx_word' id='word_1_55' title='bbox 841 1385 916 1439; x_wconf 89' lang='lat' dir='ltr'>et</span> <span class='ocrx_word' id='word_1_56' title='bbox 975 1375 1234 1438; x_wconf 86' lang='lat' dir='ltr'>artibus</span> <span class='ocrx_word' id='word_1_57' title='bbox 1283 1375 1714 1456; x_wconf 84' lang='lat' dir='ltr'>praevalent,</span> <span class='ocrx_word' id='word_1_58' title='bbox 1760 1384 1834 1440; x_wconf 90' lang='lat' dir='ltr'>et</span> <span class='ocrx_word' id='word_1_59' title='bbox 1878 1377 2179 1459; x_wconf 87' lang='lat' dir='ltr'>reliquos</span> <span class='ocrx_word' id='word_1_60' title='bbox 2224 1396 2346 1458; x_wconf 87' lang='lat' dir='ltr'>per</span> <span class='ocrx_word' id='word_1_61' title='bbox 2389 1395 2653 1459; x_wconf 85' lang='lat' dir='ltr'>poenas</span> <span class='ocrx_word' id='word_1_62' title='bbox 2694 1387 2769 1442; x_wconf 87' lang='lat' dir='ltr'>et</span> 
     </span>
     <span class='ocr_line' id='line_1_9' title="bbox 519 1470 2769 1553; baseline 0 -21"><span class='ocrx_word' id='word_1_63' title='bbox 519 1470 680 1534; x_wconf 89' lang='lat' dir='ltr'>inde</span> <span class='ocrx_word' id='word_1_64' title='bbox 717 1479 1014 1535; x_wconf 87' lang='lat' dir='ltr'>terrores</span> <span class='ocrx_word' id='word_1_65' title='bbox 1059 1471 1128 1534; x_wconf 85' lang='lat' dir='ltr'>in</span> <span class='ocrx_word' id='word_1_66' title='bbox 1167 1470 1496 1553; x_wconf 88' lang='lat' dir='ltr'>obsequio</span> <span class='ocrx_word' id='word_1_67' title='bbox 1541 1480 1614 1535; x_wconf 87' lang='lat' dir='ltr'>et</span> <span class='ocrx_word' id='word_1_68' title='bbox 1659 1471 1997 1535; x_wconf 88' lang='lat' dir='ltr'>servitute</span> <span class='ocrx_word' id='word_1_69' title='bbox 2034 1481 2271 1534; x_wconf 87' lang='lat' dir='ltr'>tenere</span> <span class='ocrx_word' id='word_1_70' title='bbox 2310 1481 2643 1552; x_wconf 85' lang='lat' dir='ltr'>possunt:</span> <span class='ocrx_word' id='word_1_71' title='bbox 2696 1470 2769 1534; x_wconf 91' lang='lat' dir='ltr'>hi</span> 
     </span>
     <span class='ocr_line' id='line_1_10' title="bbox 520 1564 2767 1648; baseline 0.001 -20"><span class='ocrx_word' id='word_1_72' title='bbox 520 1564 846 1648; x_wconf 61' lang='lat' dir='ltr'>praefecti</span> <span class='ocrx_word' id='word_1_73' title='bbox 873 1585 1009 1630; x_wconf 90' lang='lat' dir='ltr'>non</span> <span class='ocrx_word' id='word_1_74' title='bbox 1044 1565 1220 1630; x_wconf 87' lang='lat' dir='ltr'>ultra</span> <span class='ocrx_word' id='word_1_75' title='bbox 1243 1565 1498 1630; x_wconf 87' lang='lat' dir='ltr'>limites</span> <span class='ocrx_word' id='word_1_76' title='bbox 1523 1565 1651 1630; x_wconf 86' lang='lat' dir='ltr'>sibi</span> <span class='ocrx_word' id='word_1_77' title='bbox 1680 1567 2147 1648; x_wconf 85' lang='lat' dir='ltr'>praescriptos</span> <span class='ocrx_word' id='word_1_78' title='bbox 2170 1567 2463 1630; x_wconf 85' lang='lat' dir='ltr'>transire</span> <span class='ocrx_word' id='word_1_79' title='bbox 2485 1567 2767 1631; x_wconf 86' lang='lat' dir='ltr'>audent.</span> 
     </span>
     <span class='ocr_line' id='line_1_11' title="bbox 521 1660 2769 1744; baseline 0 -20"><span class='ocrx_word' id='word_1_80' title='bbox 521 1660 888 1725; x_wconf 87' lang='lat' dir='ltr'>Sciendum</span> <span class='ocrx_word' id='word_1_81' title='bbox 937 1671 1068 1738; x_wconf 88' lang='lat' dir='ltr'>est,</span> <span class='ocrx_word' id='word_1_82' title='bbox 1107 1662 1295 1744; x_wconf 90' lang='lat' dir='ltr'>quod</span> <span class='ocrx_word' id='word_1_83' title='bbox 1342 1663 1613 1725; x_wconf 91' lang='lat' dir='ltr'>unicum</span> <span class='ocrx_word' id='word_1_84' title='bbox 1653 1662 1953 1724; x_wconf 89' lang='lat' dir='ltr'>medium</span> <span class='ocrx_word' id='word_1_85' title='bbox 1993 1661 2363 1725; x_wconf 86' lang='lat' dir='ltr'>coercendi</span> <span class='ocrx_word' id='word_1_86' title='bbox 2400 1661 2769 1726; x_wconf 83' lang='lat' dir='ltr'>violentias</span> 
     </span>
     <span class='ocr_line' id='line_1_12' title="bbox 519 1756 2763 1839; baseline 0 -19"><span class='ocrx_word' id='word_1_87' title='bbox 519 1767 591 1820; x_wconf 89' lang='lat' dir='ltr'>et</span> <span class='ocrx_word' id='word_1_88' title='bbox 637 1756 895 1821; x_wconf 85' lang='lat' dir='ltr'>furores</span> <span class='ocrx_word' id='word_1_89' title='bbox 931 1756 1201 1821; x_wconf 88' lang='lat' dir='ltr'>illorum</span> <span class='ocrx_word' id='word_1_90' title='bbox 1248 1758 1360 1839; x_wconf 90' lang='lat' dir='ltr'>qui</span> <span class='ocrx_word' id='word_1_91' title='bbox 1407 1756 1476 1819; x_wconf 88' lang='lat' dir='ltr'>in</span> <span class='ocrx_word' id='word_1_92' title='bbox 1519 1756 1801 1820; x_wconf 76' lang='lat' dir='ltr'>infernis</span> <span class='ocrx_word' id='word_1_93' title='bbox 1848 1765 2030 1831; x_wconf 87' lang='lat' dir='ltr'>sunt,</span> <span class='ocrx_word' id='word_1_94' title='bbox 2070 1757 2161 1819; x_wconf 87' lang='lat' dir='ltr'>sit</span> <span class='ocrx_word' id='word_1_95' title='bbox 2208 1757 2414 1820; x_wconf 87' lang='lat' dir='ltr'>timor</span> <span class='ocrx_word' id='word_1_96' title='bbox 2452 1776 2763 1839; x_wconf 81' lang='lat' dir='ltr'>poenae3</span> 
     </span>
     <span class='ocr_line' id='line_1_13' title="bbox 519 1852 1476 1916; baseline -0.002 0"><span class='ocrx_word' id='word_1_97' title='bbox 519 1871 658 1916; x_wconf 92' lang='lat' dir='ltr'>non</span> <span class='ocrx_word' id='word_1_98' title='bbox 697 1852 896 1916; x_wconf 88' lang='lat' dir='ltr'>datur</span> <span class='ocrx_word' id='word_1_99' title='bbox 931 1852 1115 1915; x_wconf 86' lang='lat' dir='ltr'>aliud</span> <span class='ocrx_word' id='word_1_100' title='bbox 1156 1852 1476 1915; x_wconf 88' lang='lat' dir='ltr'>medium.</span> 
     </span>
    </p>

    <p class='ocr_par' dir='ltr' id='par_1_3' title="bbox 515 1945 2765 3753">
     <span class='ocr_line' id='line_1_14' title="bbox 643 1945 2765 2031; baseline 0 -21"><span class='ocrx_word' id='word_1_101' title='bbox 643 1961 847 2030; x_wconf 74' lang='lat'>544.</span> <span class='ocrx_word' id='word_1_102' title='bbox 907 1945 1262 2012; x_wconf 87' lang='lat' dir='ltr'>Creditum</span> <span class='ocrx_word' id='word_1_103' title='bbox 1298 1957 1407 2011; x_wconf 87' lang='lat' dir='ltr'>est</span> <span class='ocrx_word' id='word_1_104' title='bbox 1451 1947 1584 2011; x_wconf 90' lang='lat' dir='ltr'>huc</span> <span class='ocrx_word' id='word_1_105' title='bbox 1623 1967 1838 2030; x_wconf 88' lang='lat' dir='ltr'>usque</span> <span class='ocrx_word' id='word_1_106' title='bbox 1874 1945 1943 2010; x_wconf 89' lang='lat' dir='ltr'>in</span> <span class='ocrx_word' id='word_1_107' title='bbox 1982 1945 2262 2021; x_wconf 88' lang='lat' dir='ltr'>mundo,</span> <span class='ocrx_word' id='word_1_108' title='bbox 2302 1945 2485 2031; x_wconf 91' lang='lat' dir='ltr'>quod</span> <span class='ocrx_word' id='word_1_109' title='bbox 2523 1946 2765 2029; x_wconf 84' lang='lat' dir='ltr'>aliquis</span> 
     </span>
     <span class='ocr_line' id='line_1_15' title="bbox 520 2041 2765 2126; baseline -0.001 -19"><span class='ocrx_word' id='word_1_110' title='bbox 520 2043 854 2108; x_wconf 89' lang='lat' dir='ltr'>Diabolus</span> <span class='ocrx_word' id='word_1_111' title='bbox 905 2043 996 2106; x_wconf 88' lang='lat' dir='ltr'>sit</span> <span class='ocrx_word' id='word_1_112' title='bbox 1041 2043 1152 2126; x_wconf 88' lang='lat' dir='ltr'>qui</span> <span class='ocrx_word' id='word_1_113' title='bbox 1211 2042 1488 2106; x_wconf 89' lang='lat' dir='ltr'>infernis</span> <span class='ocrx_word' id='word_1_114' title='bbox 1548 2051 1848 2124; x_wconf 86' lang='lat' dir='ltr'>praeest,</span> <span class='ocrx_word' id='word_1_115' title='bbox 1896 2051 1967 2106; x_wconf 91' lang='lat' dir='ltr'>et</span> <span class='ocrx_word' id='word_1_116' title='bbox 2014 2041 2195 2124; x_wconf 89' lang='lat' dir='ltr'>quod</span> <span class='ocrx_word' id='word_1_117' title='bbox 2256 2042 2313 2106; x_wconf 87' lang='lat' dir='ltr'>is</span> <span class='ocrx_word' id='word_1_118' title='bbox 2358 2050 2627 2106; x_wconf 89' lang='lat' dir='ltr'>creatus</span> <span class='ocrx_word' id='word_1_119' title='bbox 2674 2043 2765 2106; x_wconf 89' lang='lat' dir='ltr'>sit</span> 
     </span>
     <span class='ocr_line' id='line_1_16' title="bbox 519 2135 2761 2222; baseline -0.002 -18"><span class='ocrx_word' id='word_1_120' title='bbox 519 2140 688 2204; x_wconf 90' lang='lat' dir='ltr'>lucis</span> <span class='ocrx_word' id='word_1_121' title='bbox 721 2140 1029 2222; x_wconf 81' lang='lat' dir='ltr'>angelus,</span> <span class='ocrx_word' id='word_1_122' title='bbox 1064 2139 1184 2203; x_wconf 88' lang='lat' dir='ltr'>sed</span> <span class='ocrx_word' id='word_1_123' title='bbox 1221 2146 1586 2220; x_wconf 87' lang='lat' dir='ltr'>postquam</span> <span class='ocrx_word' id='word_1_124' title='bbox 1611 2137 1889 2202; x_wconf 90' lang='lat' dir='ltr'>rebellis</span> <span class='ocrx_word' id='word_1_125' title='bbox 1920 2135 2137 2200; x_wconf 61' lang='lat' dir='ltr'>factus</span> <span class='ocrx_word' id='word_1_126' title='bbox 2168 2146 2301 2212; x_wconf 86' lang='lat' dir='ltr'>est,</span> <span class='ocrx_word' id='word_1_127' title='bbox 2328 2137 2395 2200; x_wconf 91' lang='lat' dir='ltr'>in</span> <span class='ocrx_word' id='word_1_128' title='bbox 2428 2137 2761 2200; x_wconf 85' lang='lat' dir='ltr'>infernum</span> 
     </span>
     <span class='ocr_line' id='line_1_17' title="bbox 519 2230 2763 2314; baseline -0.002 -14"><span class='ocrx_word' id='word_1_129' title='bbox 519 2255 675 2300; x_wconf 90' lang='lat' dir='ltr'>cum</span> <span class='ocrx_word' id='word_1_130' title='bbox 712 2255 836 2299; x_wconf 86' lang='lat' dir='ltr'>sua</span> <span class='ocrx_word' id='word_1_131' title='bbox 874 2235 1076 2298; x_wconf 85' lang='lat' dir='ltr'>turba</span> <span class='ocrx_word' id='word_1_132' title='bbox 1107 2230 1414 2311; x_wconf 68' lang='lat' dir='ltr'>dejeetus</span> <span class='ocrx_word' id='word_1_133' title='bbox 1452 2233 1563 2297; x_wconf 87' lang='lat' dir='ltr'>sit.</span> <span class='ocrx_word' id='word_1_134' title='bbox 1653 2230 1859 2314; x_wconf 82' lang='lat' dir='ltr'>Quod</span> <span class='ocrx_word' id='word_1_135' title='bbox 1898 2232 1997 2296; x_wconf 88' lang='lat' dir='ltr'>ita</span> <span class='ocrx_word' id='word_1_136' title='bbox 2027 2232 2367 2296; x_wconf 89' lang='lat' dir='ltr'>creditum</span> <span class='ocrx_word' id='word_1_137' title='bbox 2399 2232 2620 2307; x_wconf 86' lang='lat' dir='ltr'>fuerit,</span> <span class='ocrx_word' id='word_1_138' title='bbox 2652 2242 2763 2296; x_wconf 88' lang='lat' dir='ltr'>est</span> 
     </span>
     <span class='ocr_line' id='line_1_18' title="bbox 518 2325 2763 2414; baseline -0.001 -21"><span class='ocrx_word' id='word_1_139' title='bbox 518 2332 676 2414; x_wconf 91' lang='lat' dir='ltr'>quia</span> <span class='ocrx_word' id='word_1_140' title='bbox 711 2331 780 2393; x_wconf 90' lang='lat' dir='ltr'>in</span> <span class='ocrx_word' id='word_1_141' title='bbox 819 2329 1059 2394; x_wconf 87' lang='lat' dir='ltr'>Verbo</span> <span class='ocrx_word' id='word_1_142' title='bbox 1096 2329 1490 2392; x_wconf 87' lang='lat' dir='ltr'>nominatur</span> <span class='ocrx_word' id='word_1_143' title='bbox 1526 2326 1863 2391; x_wconf 90' lang='lat' dir='ltr'>Diabolus</span> <span class='ocrx_word' id='word_1_144' title='bbox 1900 2336 1973 2390; x_wconf 89' lang='lat' dir='ltr'>et</span> <span class='ocrx_word' id='word_1_145' title='bbox 2012 2325 2333 2402; x_wconf 76' lang='lat' dir='ltr'>SatanaS,</span> <span class='ocrx_word' id='word_1_146' title='bbox 2373 2336 2446 2390; x_wconf 89' lang='lat' dir='ltr'>et</span> <span class='ocrx_word' id='word_1_147' title='bbox 2491 2346 2763 2409; x_wconf 87' lang='lat' dir='ltr'>quoque</span> 
     </span>
     <span class='ocr_line' id='line_1_19' title="bbox 519 2420 2763 2502; baseline -0.002 -13"><span class='ocrx_word' id='word_1_148' title='bbox 519 2425 810 2502; x_wconf 84' lang='lat' dir='ltr'>Lucifer,</span> <span class='ocrx_word' id='word_1_149' title='bbox 849 2445 928 2488; x_wconf 90' lang='lat' dir='ltr'>ac</span> <span class='ocrx_word' id='word_1_150' title='bbox 963 2423 1271 2488; x_wconf 86' lang='lat' dir='ltr'>Verbum</span> <span class='ocrx_word' id='word_1_151' title='bbox 1309 2423 1401 2487; x_wconf 89' lang='lat' dir='ltr'>ibi</span> <span class='ocrx_word' id='word_1_152' title='bbox 1437 2420 1869 2488; x_wconf 62' lang='lat' dir='ltr'>intellectum</span> <span class='ocrx_word' id='word_1_153' title='bbox 1908 2432 2017 2486; x_wconf 88' lang='lat' dir='ltr'>est</span> <span class='ocrx_word' id='word_1_154' title='bbox 2065 2421 2441 2484; x_wconf 87' lang='lat' dir='ltr'>secundum</span> <span class='ocrx_word' id='word_1_155' title='bbox 2488 2439 2763 2484; x_wconf 89' lang='lat' dir='ltr'>sensum</span> 
     </span>
     <span class='ocr_line' id='line_1_20' title="bbox 519 2515 2763 2602; baseline -0.003 -16"><span class='ocrx_word' id='word_1_156' title='bbox 519 2522 836 2600; x_wconf 86' lang='lat' dir='ltr'>litterae;</span> <span class='ocrx_word' id='word_1_157' title='bbox 905 2539 1060 2584; x_wconf 88' lang='lat' dir='ltr'>cum</span> <span class='ocrx_word' id='word_1_158' title='bbox 1109 2529 1344 2584; x_wconf 86' lang='lat' dir='ltr'>tamen</span> <span class='ocrx_word' id='word_1_159' title='bbox 1391 2539 1514 2602; x_wconf 89' lang='lat' dir='ltr'>per</span> <span class='ocrx_word' id='word_1_160' title='bbox 1553 2517 1987 2581; x_wconf 87' lang='lat' dir='ltr'>“Diabolum</span> <span class='ocrx_word' id='word_1_161' title='bbox 2008 2516 2040 2542; x_wconf 88' lang='lat'><strong>”</strong></span> <span class='ocrx_word' id='word_1_162' title='bbox 2076 2526 2148 2580; x_wconf 92' lang='lat' dir='ltr'>et</span> <span class='ocrx_word' id='word_1_163' title='bbox 2190 2515 2634 2580; x_wconf 86' lang='lat' dir='ltr'>“Satanam”</span> <span class='ocrx_word' id='word_1_164' title='bbox 2668 2516 2763 2580; x_wconf 87' lang='lat' dir='ltr'>ibi</span> 
     </span>
     <span class='ocr_line' id='line_1_21' title="bbox 517 2611 2759 2700; baseline -0.003 -18"><span class='ocrx_word' id='word_1_165' title='bbox 517 2618 928 2700; x_wconf 86' lang='lat' dir='ltr'>intelligitur</span> <span class='ocrx_word' id='word_1_166' title='bbox 974 2616 1350 2693; x_wconf 85' lang='lat' dir='ltr'>infernum;</span> <span class='ocrx_word' id='word_1_167' title='bbox 1412 2632 1534 2696; x_wconf 87' lang='lat' dir='ltr'>per</span> <span class='ocrx_word' id='word_1_168' title='bbox 1574 2612 2004 2679; x_wconf 87' lang='lat' dir='ltr'>“Diabolum</span> <span class='ocrx_word' id='word_1_169' title='bbox 2021 2611 2053 2638; x_wconf 90' lang='lat'>’&#39;</span> <span class='ocrx_word' id='word_1_170' title='bbox 2088 2613 2157 2677; x_wconf 87' lang='lat' dir='ltr'>id</span> <span class='ocrx_word' id='word_1_171' title='bbox 2203 2612 2539 2677; x_wconf 87' lang='lat' dir='ltr'>infernum</span> <span class='ocrx_word' id='word_1_172' title='bbox 2576 2611 2759 2696; x_wconf 92' lang='lat' dir='ltr'>quod</span> 
     </span>
     <span class='ocr_line' id='line_1_22' title="bbox 516 2707 2761 2796; baseline -0.003 -17"><span class='ocrx_word' id='word_1_173' title='bbox 516 2736 557 2780; x_wconf 88' lang='lat' dir='ltr'>a</span> <span class='ocrx_word' id='word_1_174' title='bbox 603 2726 807 2796; x_wconf 89' lang='lat' dir='ltr'>tergo</span> <span class='ocrx_word' id='word_1_175' title='bbox 851 2723 984 2788; x_wconf 86' lang='lat' dir='ltr'>est,</span> <span class='ocrx_word' id='word_1_176' title='bbox 1033 2722 1107 2777; x_wconf 88' lang='lat' dir='ltr'>et</span> <span class='ocrx_word' id='word_1_177' title='bbox 1153 2713 1266 2776; x_wconf 86' lang='lat' dir='ltr'>ubi</span> <span class='ocrx_word' id='word_1_178' title='bbox 1311 2710 1611 2794; x_wconf 88' lang='lat' dir='ltr'>pessimi,</span> <span class='ocrx_word' id='word_1_179' title='bbox 1651 2711 1767 2792; x_wconf 89' lang='lat' dir='ltr'>qui</span> <span class='ocrx_word' id='word_1_180' title='bbox 1812 2718 2151 2772; x_wconf 88' lang='lat' dir='ltr'>vocantur</span> <span class='ocrx_word' id='word_1_181' title='bbox 2196 2708 2359 2771; x_wconf 88' lang='lat' dir='ltr'>mali</span> <span class='ocrx_word' id='word_1_182' title='bbox 2394 2707 2629 2790; x_wconf 80' lang='lat' dir='ltr'>genii3</span> <span class='ocrx_word' id='word_1_183' title='bbox 2688 2718 2761 2773; x_wconf 85' lang='lat' dir='ltr'>et</span> 
     </span>
     <span class='ocr_line' id='line_1_23' title="bbox 515 2802 2761 2895; baseline -0.004 -20"><span class='ocrx_word' id='word_1_184' title='bbox 515 2832 639 2895; x_wconf 89' lang='lat' dir='ltr'>per</span> <span class='ocrx_word' id='word_1_185' title='bbox 679 2808 1120 2875; x_wconf 88' lang='lat' dir='ltr'>“Satanam”</span> <span class='ocrx_word' id='word_1_186' title='bbox 1157 2808 1224 2872; x_wconf 88' lang='lat' dir='ltr'>id</span> <span class='ocrx_word' id='word_1_187' title='bbox 1285 2808 1620 2871; x_wconf 88' lang='lat' dir='ltr'>infernum</span> <span class='ocrx_word' id='word_1_188' title='bbox 1667 2803 1852 2889; x_wconf 91' lang='lat' dir='ltr'>quod</span> <span class='ocrx_word' id='word_1_189' title='bbox 1898 2805 2202 2869; x_wconf 88' lang='lat' dir='ltr'>anterius</span> <span class='ocrx_word' id='word_1_190' title='bbox 2268 2812 2401 2880; x_wconf 86' lang='lat' dir='ltr'>est,</span> <span class='ocrx_word' id='word_1_191' title='bbox 2450 2802 2563 2867; x_wconf 84' lang='lat' dir='ltr'>ubi</span> <span class='ocrx_word' id='word_1_192' title='bbox 2620 2822 2761 2865; x_wconf 88' lang='lat' dir='ltr'>non</span> 
     </span>
     <span class='ocr_line' id='line_1_24' title="bbox 517 2896 2759 2987; baseline -0.005 -15"><span class='ocrx_word' id='word_1_193' title='bbox 517 2919 662 2972; x_wconf 88' lang='lat' dir='ltr'>tam</span> <span class='ocrx_word' id='word_1_194' title='bbox 699 2906 1008 2987; x_wconf 83' lang='lat' dir='ltr'>maligni,</span> <span class='ocrx_word' id='word_1_195' title='bbox 1051 2914 1124 2968; x_wconf 90' lang='lat' dir='ltr'>et</span> <span class='ocrx_word' id='word_1_196' title='bbox 1169 2912 1509 2968; x_wconf 85' lang='lat' dir='ltr'>vocantur</span> <span class='ocrx_word' id='word_1_197' title='bbox 1553 2901 1718 2966; x_wconf 85' lang='lat' dir='ltr'>mali</span> <span class='ocrx_word' id='word_1_198' title='bbox 1754 2901 2082 2983; x_wconf 65' lang='lat' dir='ltr'>spiritus-»3</span> <span class='ocrx_word' id='word_1_199' title='bbox 2142 2897 2217 2963; x_wconf 88' lang='lat' dir='ltr'>e&#39;t</span> <span class='ocrx_word' id='word_1_200' title='bbox 2262 2918 2385 2981; x_wconf 86' lang='lat' dir='ltr'>per</span> <span class='ocrx_word' id='word_1_201' title='bbox 2424 2896 2759 2963; x_wconf 87' lang='lat' dir='ltr'>“Lucife-</span> 
     </span>
     <span class='ocr_line' id='line_1_25' title="bbox 515 2993 2756 3082; baseline -0.005 -15"><span class='ocrx_word' id='word_1_202' title='bbox 515 3001 719 3067; x_wconf 87' lang='lat' dir='ltr'>rum’&#39;</span> <span class='ocrx_word' id='word_1_203' title='bbox 755 3001 1236 3082; x_wconf 88' lang='lat' dir='ltr'>intelliguntur</span> <span class='ocrx_word' id='word_1_204' title='bbox 1281 2998 1381 3062; x_wconf 90' lang='lat' dir='ltr'>illi</span> <span class='ocrx_word' id='word_1_205' title='bbox 1427 2998 1539 3081; x_wconf 92' lang='lat' dir='ltr'>qui</span> <span class='ocrx_word' id='word_1_206' title='bbox 1584 3017 1623 3061; x_wconf 90' lang='grc' dir='ltr'>ε</span> <span class='ocrx_word' id='word_1_207' title='bbox 1670 2995 1928 3060; x_wconf 88' lang='lat' dir='ltr'>Babele</span> <span class='ocrx_word' id='word_1_208' title='bbox 1975 3016 2095 3059; x_wconf 86' lang='lat' dir='ltr'>seu</span> <span class='ocrx_word' id='word_1_209' title='bbox 2143 2993 2529 3076; x_wconf 86' lang='lat' dir='ltr'>Babylonia</span> <span class='ocrx_word' id='word_1_210' title='bbox 2574 3003 2756 3068; x_wconf 91' lang='lat' dir='ltr'>sunt,</span> 
     </span>
     <span class='ocr_line' id='line_1_26' title="bbox 515 3088 2758 3182; baseline -0.005 -21"><span class='ocrx_word' id='word_1_211' title='bbox 515 3098 631 3182; x_wconf 90' lang='lat' dir='ltr'>qui</span> <span class='ocrx_word' id='word_1_212' title='bbox 687 3107 847 3161; x_wconf 89' lang='lat' dir='ltr'>sunt</span> <span class='ocrx_word' id='word_1_213' title='bbox 905 3097 1019 3179; x_wconf 89' lang='lat' dir='ltr'>qui</span> <span class='ocrx_word' id='word_1_214' title='bbox 1078 3096 1380 3159; x_wconf 88' lang='lat' dir='ltr'>dominia</span> <span class='ocrx_word' id='word_1_215' title='bbox 1438 3113 1562 3156; x_wconf 89' lang='lat' dir='ltr'>sua</span> <span class='ocrx_word' id='word_1_216' title='bbox 1617 3093 2013 3157; x_wconf 83' lang='lat' dir='ltr'>extendunt</span> <span class='ocrx_word' id='word_1_217' title='bbox 2076 3110 2287 3172; x_wconf 89' lang='lat' dir='ltr'>usque</span> <span class='ocrx_word' id='word_1_218' title='bbox 2342 3090 2410 3153; x_wconf 88' lang='lat' dir='ltr'>in</span> <span class='ocrx_word' id='word_1_219' title='bbox 2470 3088 2758 3151; x_wconf 86' lang='lat' dir='ltr'>caelum.</span> 
     </span>
     <span class='ocr_line' id='line_1_27' title="bbox 517 3182 2756 3275; baseline -0.005 -19"><span class='ocrx_word' id='word_1_220' title='bbox 517 3191 722 3275; x_wconf 82' lang='lat' dir='ltr'>Quod</span> <span class='ocrx_word' id='word_1_221' title='bbox 769 3212 906 3255; x_wconf 89' lang='lat' dir='ltr'>non</span> <span class='ocrx_word' id='word_1_222' title='bbox 953 3188 1195 3272; x_wconf 85' lang='lat' dir='ltr'>aliquis</span> <span class='ocrx_word' id='word_1_223' title='bbox 1239 3188 1556 3253; x_wconf 86' lang='lat' dir='ltr'>diabolus</span> <span class='ocrx_word' id='word_1_224' title='bbox 1609 3188 1700 3251; x_wconf 88' lang='lat' dir='ltr'>sit</span> <span class='ocrx_word' id='word_1_225' title='bbox 1760 3186 1867 3250; x_wconf 89' lang='lat' dir='ltr'>cui</span> <span class='ocrx_word' id='word_1_226' title='bbox 1925 3182 2232 3266; x_wconf 65' lang='lat' dir='ltr'>subjecta</span> <span class='ocrx_word' id='word_1_227' title='bbox 2267 3193 2429 3247; x_wconf 89' lang='lat' dir='ltr'>sunt</span> <span class='ocrx_word' id='word_1_228' title='bbox 2474 3182 2756 3256; x_wconf 84' lang='lat' dir='ltr'>inferna,</span> 
     </span>
     <span class='ocr_line' id='line_1_28' title="bbox 517 3276 2757 3370; baseline -0.006 -18"><span class='ocrx_word' id='word_1_229' title='bbox 517 3297 712 3370; x_wconf 88' lang='lat' dir='ltr'>patet</span> <span class='ocrx_word' id='word_1_230' title='bbox 745 3305 1013 3370; x_wconf 89' lang='lat' dir='ltr'>quoque</span> <span class='ocrx_word' id='word_1_231' title='bbox 1046 3305 1138 3347; x_wconf 84' lang='lat' dir='ltr'>ex</span> <span class='ocrx_word' id='word_1_232' title='bbox 1175 3304 1281 3359; x_wconf 89' lang='grc' dir='ltr'>εο,</span> <span class='ocrx_word' id='word_1_233' title='bbox 1315 3284 1498 3366; x_wconf 90' lang='lat' dir='ltr'>quod</span> <span class='ocrx_word' id='word_1_234' title='bbox 1524 3300 1768 3345; x_wconf 89' lang='lat' dir='ltr'>omnes</span> <span class='ocrx_word' id='word_1_235' title='bbox 1800 3282 1913 3364; x_wconf 90' lang='lat' dir='ltr'>qui</span> <span class='ocrx_word' id='word_1_236' title='bbox 1952 3282 2019 3343; x_wconf 93' lang='lat' dir='ltr'>in</span> <span class='ocrx_word' id='word_1_237' title='bbox 2056 3278 2333 3342; x_wconf 88' lang='lat' dir='ltr'>infernis</span> <span class='ocrx_word' id='word_1_238' title='bbox 2366 3287 2551 3351; x_wconf 87' lang='lat' dir='ltr'>sunt,</span> <span class='ocrx_word' id='word_1_239' title='bbox 2584 3276 2757 3340; x_wconf 89' lang='lat' dir='ltr'>sicut</span> 
     </span>
     <span class='ocr_line' id='line_1_29' title="bbox 517 3371 2755 3465; baseline -0.007 -16"><span class='ocrx_word' id='word_1_240' title='bbox 517 3402 756 3449; x_wconf 86' lang='lat' dir='ltr'>omnes</span> <span class='ocrx_word' id='word_1_241' title='bbox 793 3382 906 3465; x_wconf 90' lang='lat' dir='ltr'>qui</span> <span class='ocrx_word' id='word_1_242' title='bbox 953 3382 1022 3444; x_wconf 87' lang='lat' dir='ltr'>in</span> <span class='ocrx_word' id='word_1_243' title='bbox 1068 3379 1301 3453; x_wconf 77' lang='lat' dir='ltr'>caeliS‚</span> <span class='ocrx_word' id='word_1_244' title='bbox 1350 3399 1442 3442; x_wconf 84' lang='lat' dir='ltr'>ex</span> <span class='ocrx_word' id='word_1_245' title='bbox 1487 3378 1791 3441; x_wconf 90' lang='lat' dir='ltr'>humano</span> <span class='ocrx_word' id='word_1_246' title='bbox 1830 3395 2083 3458; x_wconf 86' lang='lat' dir='ltr'>genere</span> <span class='ocrx_word' id='word_1_247' title='bbox 2121 3374 2260 3437; x_wconf 86' lang='lat' dir='ltr'>sint</span> <span class='ocrx_word' id='word_1_248' title='bbox 2302 3371 2647 3456; x_wconf 85' lang='lat' dir='ltr'>(videatur</span> <span class='ocrx_word' id='word_1_249' title='bbox 2690 3391 2755 3434; x_wconf 87' lang='lat' dir='ltr'>n.</span> 
     </span>
     <span class='ocr_line' id='line_1_30' title="bbox 519 3468 2757 3561; baseline -0.006 -19"><span class='ocrx_word' id='word_1_250' title='bbox 519 3476 864 3561; x_wconf 86' lang='lat'>311—317),</span> <span class='ocrx_word' id='word_1_251' title='bbox 893 3486 966 3540; x_wconf 88' lang='lat' dir='ltr'>et</span> <span class='ocrx_word' id='word_1_252' title='bbox 1003 3476 1188 3559; x_wconf 91' lang='lat' dir='ltr'>quod</span> <span class='ocrx_word' id='word_1_253' title='bbox 1221 3474 1311 3537; x_wconf 89' lang='lat' dir='ltr'>ibi</span> <span class='ocrx_word' id='word_1_254' title='bbox 1337 3474 1678 3555; x_wconf 87' lang='lat' dir='ltr'>myriades</span> <span class='ocrx_word' id='word_1_255' title='bbox 1710 3470 2096 3553; x_wconf 87' lang='lat' dir='ltr'>myriadum</span> <span class='ocrx_word' id='word_1_256' title='bbox 2128 3488 2169 3532; x_wconf 86' lang='lat' dir='ltr'>a</span> <span class='ocrx_word' id='word_1_257' title='bbox 2201 3468 2533 3551; x_wconf 86' lang='lat' dir='ltr'>principio</span> <span class='ocrx_word' id='word_1_258' title='bbox 2562 3484 2757 3531; x_wconf 87' lang='lat' dir='ltr'>crea·</span> 
     </span>
     <span class='ocr_line' id='line_1_31' title="bbox 518 3559 2757 3652; baseline -0.007 -13"><span class='ocrx_word' id='word_1_259' title='bbox 518 3574 722 3640; x_wconf 89' lang='lat' dir='ltr'>tionis</span> <span class='ocrx_word' id='word_1_260' title='bbox 755 3573 843 3636; x_wconf 91' lang='lat' dir='ltr'>ad</span> <span class='ocrx_word' id='word_1_261' title='bbox 878 3571 1012 3635; x_wconf 83' lang='lat' dir='ltr'>hoc</span> <span class='ocrx_word' id='word_1_262' title='bbox 1045 3579 1322 3652; x_wconf 86' lang='lat' dir='ltr'>tempus</span> <span class='ocrx_word' id='word_1_263' title='bbox 1352 3570 1515 3644; x_wconf 89' lang='lat' dir='ltr'>sint,</span> <span class='ocrx_word' id='word_1_264' title='bbox 1550 3578 1622 3633; x_wconf 90' lang='lat' dir='ltr'>et</span> <span class='ocrx_word' id='word_1_265' title='bbox 1653 3568 1837 3651; x_wconf 91' lang='lat' dir='ltr'>quod</span> <span class='ocrx_word' id='word_1_266' title='bbox 1869 3566 2151 3649; x_wconf 86' lang='lat' dir='ltr'>quisque</span> <span class='ocrx_word' id='word_1_267' title='bbox 2184 3584 2276 3628; x_wconf 84' lang='lat' dir='ltr'>ex</span> <span class='ocrx_word' id='word_1_268' title='bbox 2308 3562 2443 3627; x_wconf 85' lang='lat' dir='ltr'>illis</span> <span class='ocrx_word' id='word_1_269' title='bbox 2474 3562 2563 3625; x_wconf 85' lang='lat' dir='ltr'>sit</span> <span class='ocrx_word' id='word_1_270' title='bbox 2597 3559 2757 3625; x_wconf 86' lang='lat' dir='ltr'>talis</span> 
     </span>
     <span class='ocr_line' id='line_1_32' title="bbox 518 3655 2755 3753; baseline -0.008 -19"><span class='ocrx_word' id='word_1_271' title='bbox 518 3669 830 3735; x_wconf 87' lang='lat' dir='ltr'>diabolus</span> <span class='ocrx_word' id='word_1_272' title='bbox 861 3668 1080 3753; x_wconf 86' lang='lat' dir='ltr'>qualis</span> <span class='ocrx_word' id='word_1_273' title='bbox 1111 3666 1181 3729; x_wconf 89' lang='lat' dir='ltr'>in</span> <span class='ocrx_word' id='word_1_274' title='bbox 1214 3666 1471 3729; x_wconf 90' lang='lat' dir='ltr'>mundo</span> <span class='ocrx_word' id='word_1_275' title='bbox 1501 3664 1720 3729; x_wconf 87' lang='lat' dir='ltr'>fuerat</span> <span class='ocrx_word' id='word_1_276' title='bbox 1753 3671 1999 3727; x_wconf 85' lang='lat' dir='ltr'>contra</span> <span class='ocrx_word' id='word_1_277' title='bbox 2025 3660 2369 3724; x_wconf 88' lang='lat' dir='ltr'>Divinum.</span> <span class='ocrx_word' id='word_1_278' title='bbox 2462 3655 2755 3743; x_wconf 84' lang='lat' dir='ltr'>(Videa-</span> 
     </span>
    </p>
   </div>
   <div class='ocr_carea' id='block_1_3' title="bbox 519 3757 1648 3847">
    <p class='ocr_par' dir='ltr' id='par_1_4' title="bbox 519 3757 1648 3847">
     <span class='ocr_line' id='line_1_33' title="bbox 519 3757 1648 3847; baseline -0.009 -15"><span class='ocrx_word' id='word_1_279' title='bbox 519 3778 627 3832; x_wconf 88' lang='lat' dir='ltr'>tur</span> <span class='ocrx_word' id='word_1_280' title='bbox 661 3766 749 3832; x_wconf 89' lang='lat' dir='ltr'>de</span> <span class='ocrx_word' id='word_1_281' title='bbox 785 3766 894 3829; x_wconf 84' lang='lat' dir='ltr'>his</span> <span class='ocrx_word' id='word_1_282' title='bbox 929 3783 1156 3847; x_wconf 83' lang='lat' dir='ltr'>supra,</span> <span class='ocrx_word' id='word_1_283' title='bbox 1190 3781 1256 3826; x_wconf 88' lang='lat' dir='ltr'>n.</span> <span class='ocrx_word' id='word_1_284' title='bbox 1289 3776 1435 3843; x_wconf 84' lang='lat'>311,</span> <span class='ocrx_word' id='word_1_285' title='bbox 1473 3757 1648 3845; x_wconf 86' lang='lat'><strong>312.)</strong></span> 
     </span>
    </p>
   </div>
  </div>
 </body>
</html>
