<?xml version="1.0" encoding="UTF-8"?>
<!DOCTYPE html PUBLIC "-//W3C//DTD XHTML 1.0 Transitional//EN"
    "http://www.w3.org/TR/xhtml1/DTD/xhtml1-transitional.dtd">
<html xmlns="http://www.w3.org/1999/xhtml" xml:lang="en" lang="en">
 <head>
  <title>
</title>
<meta http-equiv="Content-Type" content="text/html;charset=utf-8" />
  <meta name='ocr-system' content='tesseract 3.04.00' />
  <meta name='ocr-capabilities' content='ocr_page ocr_carea ocr_par ocr_line ocrx_word'/>
</head>
<body>
  <div class='ocr_page' id='page_1' title='image "./exauditisetvisi00swedgoog_0237.png"; bbox 0 0 3371 5304; ppageno 0'>
   <div class='ocr_carea' id='block_1_1' title="bbox 1250 624 2856 693">
    <p class='ocr_par' dir='ltr' id='par_1_1' title="bbox 1250 624 2856 693">
     <span class='ocr_line' id='line_1_1' title="bbox 1250 624 2856 693; baseline 0.001 -16"><span class='ocrx_word' id='word_1_1' title='bbox 1250 624 1353 678; x_wconf 68' lang='lat' dir='ltr'>ns</span> <span class='ocrx_word' id='word_1_2' title='bbox 1396 626 1790 693; x_wconf 70' lang='lat' dir='ltr'>commus</span> <span class='ocrx_word' id='word_1_3' title='bbox 1835 628 1918 678; x_wconf 75' lang='lat' dir='ltr'>m</span> <span class='ocrx_word' id='word_1_4' title='bbox 1965 627 2235 679; x_wconf 59' lang='lat' dir='ltr'>cni-220.</span> <span class='ocrx_word' id='word_1_5' title='bbox 2739 628 2856 693; x_wconf 78' lang='lat'>231</span> 
     </span>
    </p>
   </div>
   <div class='ocr_carea' id='block_1_2' title="bbox 590 798 2934 4686">
    <p class='ocr_par' dir='ltr' id='par_1_2' title="bbox 610 798 2864 1265">
     <span class='ocr_line' id='line_1_2' title="bbox 610 798 2864 883; baseline 0 -18"><span class='ocrx_word' id='word_1_6' title='bbox 610 799 791 883; x_wconf 81' lang='lat' dir='ltr'>jugis</span> <span class='ocrx_word' id='word_1_7' title='bbox 824 816 981 865; x_wconf 83' lang='lat' dir='ltr'>cum</span> <span class='ocrx_word' id='word_1_8' title='bbox 1010 798 1311 883; x_wconf 84' lang='lat' dir='ltr'>conjuge</span> <span class='ocrx_word' id='word_1_9' title='bbox 1340 800 1497 883; x_wconf 77' lang='lat' dir='ltr'>quia</span> <span class='ocrx_word' id='word_1_10' title='bbox 1526 818 1601 863; x_wconf 86' lang='lat' dir='ltr'>se</span> <span class='ocrx_word' id='word_1_11' title='bbox 1634 809 1878 864; x_wconf 86' lang='lat' dir='ltr'>mutuo</span> <span class='ocrx_word' id='word_1_12' title='bbox 1909 809 2164 865; x_wconf 85' lang='lat' dir='ltr'>amant.</span> <span class='ocrx_word' id='word_1_13' title='bbox 2256 798 2368 863; x_wconf 84' lang='lat' dir='ltr'>Ex</span> <span class='ocrx_word' id='word_1_14' title='bbox 2401 798 2506 863; x_wconf 82' lang='lat' dir='ltr'>his</span> <span class='ocrx_word' id='word_1_15' title='bbox 2537 808 2864 865; x_wconf 76' lang='lat' dir='ltr'>constare</span> 
     </span>
     <span class='ocr_line' id='line_1_3' title="bbox 617 893 2863 979; baseline 0 -20"><span class='ocrx_word' id='word_1_16' title='bbox 617 904 879 977; x_wconf 85' lang='lat' dir='ltr'>potest,</span> <span class='ocrx_word' id='word_1_17' title='bbox 924 897 1150 979; x_wconf 75' lang='lat' dir='ltr'>qualis</span> <span class='ocrx_word' id='word_1_18' title='bbox 1192 905 1304 959; x_wconf 81' lang='lat' dir='ltr'>est</span> <span class='ocrx_word' id='word_1_19' title='bbox 1350 893 1744 976; x_wconf 64' lang='lat' dir='ltr'>conjunctio</span> <span class='ocrx_word' id='word_1_20' title='bbox 1790 895 2148 971; x_wconf 80' lang='lat' dir='ltr'>mentium,</span> <span class='ocrx_word' id='word_1_21' title='bbox 2197 915 2370 978; x_wconf 81' lang='lat' dir='ltr'>quae</span> <span class='ocrx_word' id='word_1_22' title='bbox 2416 895 2580 959; x_wconf 80' lang='lat' dir='ltr'>facit</span> <span class='ocrx_word' id='word_1_23' title='bbox 2629 895 2863 978; x_wconf 83' lang='lat' dir='ltr'>conju·</span> 
     </span>
     <span class='ocr_line' id='line_1_4' title="bbox 616 990 2864 1073; baseline 0 -19"><span class='ocrx_word' id='word_1_24' title='bbox 616 990 827 1073; x_wconf 70' lang='lat' dir='ltr'>glum,</span> <span class='ocrx_word' id='word_1_25' title='bbox 874 998 951 1055; x_wconf 86' lang='lat' dir='ltr'>et</span> <span class='ocrx_word' id='word_1_26' title='bbox 1006 990 1327 1073; x_wconf 86' lang='lat' dir='ltr'>producit</span> <span class='ocrx_word' id='word_1_27' title='bbox 1384 1006 1692 1053; x_wconf 79' lang='lat' dir='ltr'>amorem</span> <span class='ocrx_word' id='word_1_28' title='bbox 1746 990 2204 1073; x_wconf 83' lang='lat' dir='ltr'>conjugialem</span> <span class='ocrx_word' id='word_1_29' title='bbox 2261 992 2330 1053; x_wconf 91' lang='lat' dir='ltr'>in</span> <span class='ocrx_word' id='word_1_30' title='bbox 2391 990 2626 1066; x_wconf 82' lang='lat' dir='ltr'>caelis,</span> <span class='ocrx_word' id='word_1_31' title='bbox 2677 991 2864 1073; x_wconf 88' lang='lat' dir='ltr'>quod</span> 
     </span>
     <span class='ocr_line' id='line_1_5' title="bbox 616 1084 2862 1169; baseline 0 -21"><span class='ocrx_word' id='word_1_32' title='bbox 616 1101 865 1168; x_wconf 84' lang='lat' dir='ltr'>nempe</span> <span class='ocrx_word' id='word_1_33' title='bbox 897 1086 1009 1164; x_wconf 84' lang='lat' dir='ltr'>sit,</span> <span class='ocrx_word' id='word_1_34' title='bbox 1042 1086 1227 1169; x_wconf 89' lang='lat' dir='ltr'>quod</span> <span class='ocrx_word' id='word_1_35' title='bbox 1258 1104 1433 1148; x_wconf 84' lang='lat' dir='ltr'>unus</span> <span class='ocrx_word' id='word_1_36' title='bbox 1462 1084 1633 1149; x_wconf 76' lang='lat' dir='ltr'>velit</span> <span class='ocrx_word' id='word_1_37' title='bbox 1670 1094 1746 1149; x_wconf 81' lang='lat' dir='ltr'>ut</span> <span class='ocrx_word' id='word_1_38' title='bbox 1784 1102 1908 1149; x_wconf 79' lang='lat' dir='ltr'>sua</span> <span class='ocrx_word' id='word_1_39' title='bbox 1943 1086 2081 1149; x_wconf 89' lang='lat' dir='ltr'>sint</span> <span class='ocrx_word' id='word_1_40' title='bbox 2111 1085 2417 1161; x_wconf 68' lang='lat' dir='ltr'>alterii-1⁵,</span> <span class='ocrx_word' id='word_1_41' title='bbox 2451 1095 2525 1149; x_wconf 89' lang='lat' dir='ltr'>et</span> <span class='ocrx_word' id='word_1_42' title='bbox 2563 1085 2660 1151; x_wconf 89' lang='lat' dir='ltr'>sic</span> <span class='ocrx_word' id='word_1_43' title='bbox 2691 1086 2862 1151; x_wconf 85' lang='lat' dir='ltr'>reci-</span> 
     </span>
     <span class='ocr_line' id='line_1_6' title="bbox 616 1199 846 1265; baseline -0.004 -19"><span class='ocrx_word' id='word_1_44' title='bbox 616 1199 846 1265; x_wconf 89' lang='lat' dir='ltr'>proce.</span> 
     </span>
    </p>

    <p class='ocr_par' dir='ltr' id='par_1_3' title="bbox 600 1274 2861 3240">
     <span class='ocr_line' id='line_1_7' title="bbox 738 1274 2861 1360; baseline 0 -19"><span class='ocrx_word' id='word_1_45' title='bbox 738 1284 943 1359; x_wconf 72' lang='lat'>370·</span> <span class='ocrx_word' id='word_1_46' title='bbox 1002 1274 1281 1341; x_wconf 65' lang='lat' dir='ltr'>Dictum</span> <span class='ocrx_word' id='word_1_47' title='bbox 1318 1276 1486 1340; x_wconf 87' lang='lat' dir='ltr'>mihi</span> <span class='ocrx_word' id='word_1_48' title='bbox 1523 1284 1635 1340; x_wconf 85' lang='lat' dir='ltr'>est</span> <span class='ocrx_word' id='word_1_49' title='bbox 1678 1276 1770 1340; x_wconf 88' lang='lat' dir='ltr'>ab</span> <span class='ocrx_word' id='word_1_50' title='bbox 1805 1276 2094 1358; x_wconf 79' lang='lat' dir='ltr'>angelis,</span> <span class='ocrx_word' id='word_1_51' title='bbox 2135 1276 2316 1360; x_wconf 87' lang='lat' dir='ltr'>quod</span> <span class='ocrx_word' id='word_1_52' title='bbox 2355 1287 2688 1360; x_wconf 84' lang='lat' dir='ltr'>quantum</span> <span class='ocrx_word' id='word_1_53' title='bbox 2725 1278 2861 1341; x_wconf 90' lang='lat' dir='ltr'>duo</span> 
     </span>
     <span class='ocr_line' id='line_1_8' title="bbox 614 1369 2859 1453; baseline 0.001 -19"><span class='ocrx_word' id='word_1_54' title='bbox 614 1370 945 1453; x_wconf 74' lang='lat' dir='ltr'>conjuges</span> <span class='ocrx_word' id='word_1_55' title='bbox 980 1372 1049 1435; x_wconf 87' lang='lat' dir='ltr'>in</span> <span class='ocrx_word' id='word_1_56' title='bbox 1089 1370 1215 1435; x_wconf 88' lang='lat' dir='ltr'>tali</span> <span class='ocrx_word' id='word_1_57' title='bbox 1253 1369 1734 1453; x_wconf 65' lang='lat' dir='ltr'>conjunctione</span> <span class='ocrx_word' id='word_1_58' title='bbox 1769 1381 1956 1447; x_wconf 84' lang='lat' dir='ltr'>sunt,</span> <span class='ocrx_word' id='word_1_59' title='bbox 1992 1380 2266 1436; x_wconf 86' lang='lat' dir='ltr'>tantum</span> <span class='ocrx_word' id='word_1_60' title='bbox 2311 1372 2380 1435; x_wconf 87' lang='lat' dir='ltr'>in</span> <span class='ocrx_word' id='word_1_61' title='bbox 2421 1391 2657 1435; x_wconf 85' lang='lat' dir='ltr'>amore</span> <span class='ocrx_word' id='word_1_62' title='bbox 2693 1392 2859 1437; x_wconf 89' lang='lat' dir='ltr'>con·</span> 
     </span>
     <span class='ocr_line' id='line_1_9' title="bbox 608 1464 2861 1551; baseline 0.002 -23"><span class='ocrx_word' id='word_1_63' title='bbox 608 1464 847 1548; x_wconf 84' lang='lat' dir='ltr'>jugiali</span> <span class='ocrx_word' id='word_1_64' title='bbox 884 1467 1047 1542; x_wconf 87' lang='lat' dir='ltr'>sint,</span> <span class='ocrx_word' id='word_1_65' title='bbox 1094 1476 1169 1531; x_wconf 89' lang='lat' dir='ltr'>et</span> <span class='ocrx_word' id='word_1_66' title='bbox 1205 1466 1408 1530; x_wconf 90' lang='lat' dir='ltr'>simul</span> <span class='ocrx_word' id='word_1_67' title='bbox 1447 1476 1724 1530; x_wconf 86' lang='lat' dir='ltr'>tantum</span> <span class='ocrx_word' id='word_1_68' title='bbox 1771 1466 1838 1530; x_wconf 83' lang='lat' dir='ltr'>in</span> <span class='ocrx_word' id='word_1_69' title='bbox 1876 1466 2372 1549; x_wconf 84' lang='lat' dir='ltr'>intelligentia,</span> <span class='ocrx_word' id='word_1_70' title='bbox 2411 1468 2754 1551; x_wconf 74' lang='lat' dir='ltr'>sapientia</span> <span class='ocrx_word' id='word_1_71' title='bbox 2788 1478 2861 1533; x_wconf 89' lang='lat' dir='ltr'>et</span> 
     </span>
     <span class='ocr_line' id='line_1_10' title="bbox 612 1560 2858 1643; baseline 0.001 -19"><span class='ocrx_word' id='word_1_72' title='bbox 612 1560 969 1636; x_wconf 80' lang='lat' dir='ltr'>felicitate,</span> <span class='ocrx_word' id='word_1_73' title='bbox 1006 1581 1098 1625; x_wconf 87' lang='lat' dir='ltr'>ex</span> <span class='ocrx_word' id='word_1_74' title='bbox 1137 1581 1348 1625; x_wconf 87' lang='lat' dir='ltr'>causa</span> <span class='ocrx_word' id='word_1_75' title='bbox 1384 1561 1543 1643; x_wconf 87' lang='lat' dir='ltr'>quia</span> <span class='ocrx_word' id='word_1_76' title='bbox 1580 1562 1904 1624; x_wconf 89' lang='lat' dir='ltr'>Divinum</span> <span class='ocrx_word' id='word_1_77' title='bbox 1938 1560 2200 1626; x_wconf 89' lang='lat' dir='ltr'>Verum</span> <span class='ocrx_word' id='word_1_78' title='bbox 2239 1580 2318 1625; x_wconf 88' lang='lat' dir='ltr'>ac</span> <span class='ocrx_word' id='word_1_79' title='bbox 2361 1562 2684 1626; x_wconf 87' lang='lat' dir='ltr'>Divinum</span> <span class='ocrx_word' id='word_1_80' title='bbox 2723 1563 2858 1628; x_wconf 86' lang='lat' dir='ltr'>Bo·</span> 
     </span>
     <span class='ocr_line' id='line_1_11' title="bbox 613 1656 2856 1739; baseline 0.002 -20"><span class='ocrx_word' id='word_1_81' title='bbox 613 1672 800 1731; x_wconf 89' lang='lat' dir='ltr'>num,</span> <span class='ocrx_word' id='word_1_82' title='bbox 840 1672 932 1720; x_wconf 85' lang='lat' dir='ltr'>ex</span> <span class='ocrx_word' id='word_1_83' title='bbox 968 1656 1215 1739; x_wconf 84' lang='lat' dir='ltr'>quibus</span> <span class='ocrx_word' id='word_1_84' title='bbox 1251 1657 1477 1720; x_wconf 83' lang='lat' dir='ltr'>omnis</span> <span class='ocrx_word' id='word_1_85' title='bbox 1517 1656 2008 1738; x_wconf 82' lang='lat' dir='ltr'>intelligentia,</span> <span class='ocrx_word' id='word_1_86' title='bbox 2049 1658 2394 1739; x_wconf 76' lang='lat' dir='ltr'>sapientia</span> <span class='ocrx_word' id='word_1_87' title='bbox 2429 1668 2502 1721; x_wconf 89' lang='lat' dir='ltr'>et</span> <span class='ocrx_word' id='word_1_88' title='bbox 2541 1658 2856 1733; x_wconf 82' lang='lat' dir='ltr'>felicitas,</span> 
     </span>
     <span class='ocr_line' id='line_1_12' title="bbox 610 1749 2859 1835; baseline 0.001 -20"><span class='ocrx_word' id='word_1_89' title='bbox 610 1749 1083 1835; x_wconf 77' lang='lat' dir='ltr'>principaliter</span> <span class='ocrx_word' id='word_1_90' title='bbox 1112 1750 1331 1815; x_wconf 86' lang='lat' dir='ltr'>influit</span> <span class='ocrx_word' id='word_1_91' title='bbox 1368 1752 1435 1813; x_wconf 90' lang='lat' dir='ltr'>in</span> <span class='ocrx_word' id='word_1_92' title='bbox 1470 1766 1780 1815; x_wconf 85' lang='lat' dir='ltr'>amorem</span> <span class='ocrx_word' id='word_1_93' title='bbox 1815 1749 2313 1834; x_wconf 83' lang='lat' dir='ltr'>conjugialem3</span> <span class='ocrx_word' id='word_1_94' title='bbox 2360 1753 2644 1835; x_wconf 89' lang='lat' dir='ltr'>proinde</span> <span class='ocrx_word' id='word_1_95' title='bbox 2675 1755 2859 1835; x_wconf 86' lang='lat' dir='ltr'>quod</span> 
     </span>
     <span class='ocr_line' id='line_1_13' title="bbox 610 1845 2860 1931; baseline 0 -20"><span class='ocrx_word' id='word_1_96' title='bbox 610 1864 807 1911; x_wconf 80' lang='lat' dir='ltr'>amor</span> <span class='ocrx_word' id='word_1_97' title='bbox 852 1845 1257 1929; x_wconf 86' lang='lat' dir='ltr'>conjugialis</span> <span class='ocrx_word' id='word_1_98' title='bbox 1303 1847 1395 1909; x_wconf 92' lang='lat' dir='ltr'>sit</span> <span class='ocrx_word' id='word_1_99' title='bbox 1462 1847 1683 1928; x_wconf 82' lang='lat' dir='ltr'>ipsum</span> <span class='ocrx_word' id='word_1_100' title='bbox 1730 1845 2012 1927; x_wconf 87' lang='lat' dir='ltr'>planum</span> <span class='ocrx_word' id='word_1_101' title='bbox 2057 1845 2358 1910; x_wconf 78' lang='lat' dir='ltr'>influxus</span> <span class='ocrx_word' id='word_1_102' title='bbox 2404 1847 2658 1923; x_wconf 88' lang='lat' dir='ltr'>Divini,</span> <span class='ocrx_word' id='word_1_103' title='bbox 2705 1849 2860 1931; x_wconf 86' lang='lat' dir='ltr'>quia</span> 
     </span>
     <span class='ocr_line' id='line_1_14' title="bbox 610 1940 2857 2025; baseline 0.001 -20"><span class='ocrx_word' id='word_1_104' title='bbox 610 1942 812 2006; x_wconf 89' lang='lat' dir='ltr'>simul</span> <span class='ocrx_word' id='word_1_105' title='bbox 848 1952 959 2007; x_wconf 90' lang='lat' dir='ltr'>est</span> <span class='ocrx_word' id='word_1_106' title='bbox 996 1940 1387 2023; x_wconf 87' lang='lat' dir='ltr'>conjugium</span> <span class='ocrx_word' id='word_1_107' title='bbox 1426 1941 1567 2005; x_wconf 87' lang='lat' dir='ltr'>veri</span> <span class='ocrx_word' id='word_1_108' title='bbox 1606 1950 1679 2005; x_wconf 88' lang='lat' dir='ltr'>et</span> <span class='ocrx_word' id='word_1_109' title='bbox 1718 1942 1922 2021; x_wconf 84' lang='lat' dir='ltr'>boni;</span> <span class='ocrx_word' id='word_1_110' title='bbox 1970 1955 2129 2005; x_wconf 84' lang='lat' dir='ltr'>nam</span> <span class='ocrx_word' id='word_1_111' title='bbox 2165 1942 2344 2006; x_wconf 83' lang='lat' dir='ltr'>sicut</span> <span class='ocrx_word' id='word_1_112' title='bbox 2383 1952 2492 2006; x_wconf 81' lang='lat' dir='ltr'>est</span> <span class='ocrx_word' id='word_1_113' title='bbox 2529 1942 2857 2025; x_wconf 79' lang='lat' dir='ltr'>conjunc·</span> 
     </span>
     <span class='ocr_line' id='line_1_15' title="bbox 610 2034 2858 2120; baseline 0 -19"><span class='ocrx_word' id='word_1_114' title='bbox 610 2038 713 2101; x_wconf 85' lang='lat' dir='ltr'>tio</span> <span class='ocrx_word' id='word_1_115' title='bbox 768 2034 1165 2103; x_wconf 68' lang='lat' dir='ltr'>intellectus</span> <span class='ocrx_word' id='word_1_116' title='bbox 1222 2044 1295 2099; x_wconf 90' lang='lat' dir='ltr'>et</span> <span class='ocrx_word' id='word_1_117' title='bbox 1355 2036 1762 2111; x_wconf 60' lang='lat' dir='ltr'>voluntatis»,</span> <span class='ocrx_word' id='word_1_118' title='bbox 1808 2038 1912 2101; x_wconf 87' lang='lat' dir='ltr'>ita</span> <span class='ocrx_word' id='word_1_119' title='bbox 1975 2057 2246 2119; x_wconf 89' lang='lat' dir='ltr'>quoque</span> <span class='ocrx_word' id='word_1_120' title='bbox 2297 2047 2406 2101; x_wconf 91' lang='lat' dir='ltr'>est</span> <span class='ocrx_word' id='word_1_121' title='bbox 2467 2035 2858 2120; x_wconf 63' lang='lat' dir='ltr'>conjunctio</span> 
     </span>
     <span class='ocr_line' id='line_1_16' title="bbox 608 2126 2854 2213; baseline -0 -19"><span class='ocrx_word' id='word_1_122' title='bbox 608 2131 751 2195; x_wconf 88' lang='lat' dir='ltr'>veri</span> <span class='ocrx_word' id='word_1_123' title='bbox 789 2138 863 2194; x_wconf 88' lang='lat' dir='ltr'>et</span> <span class='ocrx_word' id='word_1_124' title='bbox 908 2129 1091 2203; x_wconf 91' lang='lat' dir='ltr'>boni,</span> <span class='ocrx_word' id='word_1_125' title='bbox 1131 2130 1453 2212; x_wconf 87' lang='lat' dir='ltr'>quoniam</span> <span class='ocrx_word' id='word_1_126' title='bbox 1492 2126 1892 2193; x_wconf 68' lang='lat' dir='ltr'>intellectus</span> <span class='ocrx_word' id='word_1_127' title='bbox 1931 2131 2175 2213; x_wconf 86' lang='lat' dir='ltr'>recipit</span> <span class='ocrx_word' id='word_1_128' title='bbox 2215 2130 2538 2194; x_wconf 87' lang='lat' dir='ltr'>Divinum</span> <span class='ocrx_word' id='word_1_129' title='bbox 2570 2130 2854 2207; x_wconf 87' lang='lat' dir='ltr'>Verum,</span> 
     </span>
     <span class='ocr_line' id='line_1_17' title="bbox 608 2220 2853 2307; baseline 0 -17"><span class='ocrx_word' id='word_1_130' title='bbox 608 2224 941 2294; x_wconf 79' lang='lat' dir='ltr'>formatur</span> <span class='ocrx_word' id='word_1_131' title='bbox 1004 2220 1217 2289; x_wconf 86' lang='lat' dir='ltr'>etiam</span> <span class='ocrx_word' id='word_1_132' title='bbox 1284 2244 1375 2289; x_wconf 84' lang='lat' dir='ltr'>ex</span> <span class='ocrx_word' id='word_1_133' title='bbox 1442 2224 1643 2298; x_wconf 75' lang='lat' dir='ltr'>veriS,</span> <span class='ocrx_word' id='word_1_134' title='bbox 1702 2234 1774 2288; x_wconf 91' lang='lat' dir='ltr'>et</span> <span class='ocrx_word' id='word_1_135' title='bbox 1839 2224 2166 2289; x_wconf 86' lang='lat' dir='ltr'>voluntas</span> <span class='ocrx_word' id='word_1_136' title='bbox 2225 2224 2467 2307; x_wconf 88' lang='lat' dir='ltr'>recipit</span> <span class='ocrx_word' id='word_1_137' title='bbox 2531 2224 2853 2290; x_wconf 89' lang='lat' dir='ltr'>Divinum</span> 
     </span>
     <span class='ocr_line' id='line_1_18' title="bbox 609 2318 2855 2403; baseline 0 -18"><span class='ocrx_word' id='word_1_138' title='bbox 609 2320 899 2397; x_wconf 87' lang='lat' dir='ltr'>Bonum,</span> <span class='ocrx_word' id='word_1_139' title='bbox 946 2329 1021 2384; x_wconf 88' lang='lat' dir='ltr'>et</span> <span class='ocrx_word' id='word_1_140' title='bbox 1078 2338 1349 2402; x_wconf 83' lang='lat' dir='ltr'>quoque</span> <span class='ocrx_word' id='word_1_141' title='bbox 1393 2318 1728 2383; x_wconf 81' lang='lat' dir='ltr'>formatur</span> <span class='ocrx_word' id='word_1_142' title='bbox 1785 2340 1876 2383; x_wconf 83' lang='lat' dir='ltr'>ex</span> <span class='ocrx_word' id='word_1_143' title='bbox 1937 2320 2178 2398; x_wconf 87' lang='lat' dir='ltr'>bonis;</span> <span class='ocrx_word' id='word_1_144' title='bbox 2247 2319 2432 2403; x_wconf 88' lang='lat' dir='ltr'>quod</span> <span class='ocrx_word' id='word_1_145' title='bbox 2478 2319 2660 2385; x_wconf 88' lang='lat' dir='ltr'>enim</span> <span class='ocrx_word' id='word_1_146' title='bbox 2707 2321 2855 2386; x_wconf 89' lang='lat' dir='ltr'>vult</span> 
     </span>
     <span class='ocr_line' id='line_1_19' title="bbox 605 2410 2852 2497; baseline 0 -18"><span class='ocrx_word' id='word_1_147' title='bbox 605 2415 819 2479; x_wconf 87' lang='lat' dir='ltr'>homo</span> <span class='ocrx_word' id='word_1_148' title='bbox 852 2415 987 2479; x_wconf 89' lang='lat' dir='ltr'>hoc</span> <span class='ocrx_word' id='word_1_149' title='bbox 1032 2416 1093 2477; x_wconf 89' lang='lat' dir='ltr'>ei</span> <span class='ocrx_word' id='word_1_150' title='bbox 1138 2414 1392 2477; x_wconf 88' lang='lat' dir='ltr'>bonum</span> <span class='ocrx_word' id='word_1_151' title='bbox 1432 2424 1563 2489; x_wconf 86' lang='lat' dir='ltr'>est,</span> <span class='ocrx_word' id='word_1_152' title='bbox 1604 2419 1675 2478; x_wconf 85' lang='lat' dir='ltr'>et</span> <span class='ocrx_word' id='word_1_153' title='bbox 1724 2410 1907 2497; x_wconf 83' lang='lat' dir='ltr'>quod</span> <span class='ocrx_word' id='word_1_154' title='bbox 1955 2412 2286 2497; x_wconf 86' lang='lat' dir='ltr'>intelligit</span> <span class='ocrx_word' id='word_1_155' title='bbox 2333 2413 2464 2479; x_wconf 90' lang='lat' dir='ltr'>hoc</span> <span class='ocrx_word' id='word_1_156' title='bbox 2513 2416 2574 2479; x_wconf 89' lang='lat' dir='ltr'>ei</span> <span class='ocrx_word' id='word_1_157' title='bbox 2617 2435 2852 2479; x_wconf 87' lang='lat' dir='ltr'>verum</span> 
     </span>
     <span class='ocr_line' id='line_1_20' title="bbox 606 2508 2851 2592; baseline -0.001 -17"><span class='ocrx_word' id='word_1_158' title='bbox 606 2520 755 2589; x_wconf 79' lang='lat' dir='ltr'>est3</span> <span class='ocrx_word' id='word_1_159' title='bbox 814 2509 975 2573; x_wconf 89' lang='lat' dir='ltr'>inde</span> <span class='ocrx_word' id='word_1_160' title='bbox 1032 2517 1165 2583; x_wconf 86' lang='lat' dir='ltr'>est,</span> <span class='ocrx_word' id='word_1_161' title='bbox 1206 2509 1389 2591; x_wconf 91' lang='lat' dir='ltr'>quod</span> <span class='ocrx_word' id='word_1_162' title='bbox 1448 2510 1633 2573; x_wconf 87' lang='lat' dir='ltr'>idem</span> <span class='ocrx_word' id='word_1_163' title='bbox 1695 2510 1810 2585; x_wconf 90' lang='lat' dir='ltr'>sit,</span> <span class='ocrx_word' id='word_1_164' title='bbox 1851 2510 1994 2575; x_wconf 86' lang='lat' dir='ltr'>sive</span> <span class='ocrx_word' id='word_1_165' title='bbox 2053 2511 2244 2573; x_wconf 83' lang='lat' dir='ltr'>dicas</span> <span class='ocrx_word' id='word_1_166' title='bbox 2304 2508 2851 2592; x_wconf 64' lang='lat' dir='ltr'>conjunctionem</span> 
     </span>
     <span class='ocr_line' id='line_1_21' title="bbox 606 2602 2853 2688; baseline -0 -17"><span class='ocrx_word' id='word_1_167' title='bbox 606 2602 1000 2672; x_wconf 63' lang='lat' dir='ltr'>intellefitus</span> <span class='ocrx_word' id='word_1_168' title='bbox 1033 2613 1107 2670; x_wconf 90' lang='lat' dir='ltr'>et</span> <span class='ocrx_word' id='word_1_169' title='bbox 1148 2604 1553 2680; x_wconf 89' lang='lat' dir='ltr'>voluntatis,</span> <span class='ocrx_word' id='word_1_170' title='bbox 1595 2606 1740 2669; x_wconf 85' lang='lat' dir='ltr'>sive</span> <span class='ocrx_word' id='word_1_171' title='bbox 1778 2606 1968 2670; x_wconf 85' lang='lat' dir='ltr'>dicas</span> <span class='ocrx_word' id='word_1_172' title='bbox 2005 2603 2555 2688; x_wconf 63' lang='lat' dir='ltr'>conjunctionem</span> <span class='ocrx_word' id='word_1_173' title='bbox 2594 2607 2736 2670; x_wconf 88' lang='lat' dir='ltr'>veri</span> <span class='ocrx_word' id='word_1_174' title='bbox 2779 2616 2853 2670; x_wconf 88' lang='lat' dir='ltr'>et</span> 
     </span>
     <span class='ocr_line' id='line_1_22' title="bbox 604 2697 2850 2786; baseline 0 -20"><span class='ocrx_word' id='word_1_175' title='bbox 604 2701 790 2767; x_wconf 88' lang='lat' dir='ltr'>boni.</span> <span class='ocrx_word' id='word_1_176' title='bbox 881 2697 1291 2781; x_wconf 69' lang='lat' dir='ltr'>conjunctio</span> <span class='ocrx_word' id='word_1_177' title='bbox 1336 2701 1478 2764; x_wconf 88' lang='lat' dir='ltr'>veri</span> <span class='ocrx_word' id='word_1_178' title='bbox 1522 2708 1595 2764; x_wconf 88' lang='lat' dir='ltr'>et</span> <span class='ocrx_word' id='word_1_179' title='bbox 1644 2701 1806 2765; x_wconf 88' lang='lat' dir='ltr'>boni</span> <span class='ocrx_word' id='word_1_180' title='bbox 1853 2700 2016 2764; x_wconf 84' lang='lat' dir='ltr'>facit</span> <span class='ocrx_word' id='word_1_181' title='bbox 2061 2701 2412 2783; x_wconf 84' lang='lat' dir='ltr'>angelum,</span> <span class='ocrx_word' id='word_1_182' title='bbox 2461 2712 2533 2766; x_wconf 91' lang='lat' dir='ltr'>et</span> <span class='ocrx_word' id='word_1_183' title='bbox 2581 2722 2850 2786; x_wconf 88' lang='lat' dir='ltr'>quoque</span> 
     </span>
     <span class='ocr_line' id='line_1_23' title="bbox 604 2794 2849 2878; baseline 0 -17"><span class='ocrx_word' id='word_1_184' title='bbox 604 2795 750 2878; x_wconf 84' lang='lat' dir='ltr'>ejus</span> <span class='ocrx_word' id='word_1_185' title='bbox 786 2794 1347 2877; x_wconf 85' lang='lat' dir='ltr'>intelligentiam,</span> <span class='ocrx_word' id='word_1_186' title='bbox 1387 2797 1823 2876; x_wconf 86' lang='lat' dir='ltr'>sapientiam,</span> <span class='ocrx_word' id='word_1_187' title='bbox 1864 2804 1937 2859; x_wconf 89' lang='lat' dir='ltr'>et</span> <span class='ocrx_word' id='word_1_188' title='bbox 1974 2794 2424 2876; x_wconf 77' lang='lat' dir='ltr'>felicitatem3</span> <span class='ocrx_word' id='word_1_189' title='bbox 2471 2796 2632 2861; x_wconf 84' lang='lat' dir='ltr'>talis</span> <span class='ocrx_word' id='word_1_190' title='bbox 2670 2798 2849 2862; x_wconf 88' lang='lat' dir='ltr'>enirn</span> 
     </span>
     <span class='ocr_line' id='line_1_24' title="bbox 603 2886 2850 2972; baseline -0.001 -16"><span class='ocrx_word' id='word_1_191' title='bbox 603 2898 715 2956; x_wconf 71' lang='lat' dir='ltr'>est</span> <span class='ocrx_word' id='word_1_192' title='bbox 750 2886 1063 2971; x_wconf 75' lang='lat' dir='ltr'>angelus,</span> <span class='ocrx_word' id='word_1_193' title='bbox 1102 2889 1281 2953; x_wconf 85' lang='lat' dir='ltr'>sicut</span> <span class='ocrx_word' id='word_1_194' title='bbox 1320 2889 1577 2953; x_wconf 87' lang='lat' dir='ltr'>bonum</span> <span class='ocrx_word' id='word_1_195' title='bbox 1616 2888 1797 2972; x_wconf 89' lang='lat' dir='ltr'>apud</span> <span class='ocrx_word' id='word_1_196' title='bbox 1833 2889 2026 2952; x_wconf 89' lang='lat' dir='ltr'>illum</span> <span class='ocrx_word' id='word_1_197' title='bbox 2065 2887 2502 2972; x_wconf 67' lang='lat' dir='ltr'>conjunctum</span> <span class='ocrx_word' id='word_1_198' title='bbox 2541 2901 2650 2956; x_wconf 88' lang='lat' dir='ltr'>est</span> <span class='ocrx_word' id='word_1_199' title='bbox 2688 2912 2850 2956; x_wconf 81' lang='lat' dir='ltr'>vero</span> 
     </span>
     <span class='ocr_line' id='line_1_25' title="bbox 602 2981 2848 3066; baseline -0.001 -16"><span class='ocrx_word' id='word_1_200' title='bbox 602 3005 685 3050; x_wconf 83' lang='lat' dir='ltr'>ac</span> <span class='ocrx_word' id='word_1_201' title='bbox 734 3003 971 3048; x_wconf 82' lang='lat' dir='ltr'>verum</span> <span class='ocrx_word' id='word_1_202' title='bbox 1021 2983 1251 3061; x_wconf 90' lang='lat' dir='ltr'>bono;</span> <span class='ocrx_word' id='word_1_203' title='bbox 1318 3002 1441 3048; x_wconf 85' lang='lat' dir='ltr'>seu</span> <span class='ocrx_word' id='word_1_204' title='bbox 1486 2981 1669 3066; x_wconf 90' lang='lat' dir='ltr'>quod</span> <span class='ocrx_word' id='word_1_205' title='bbox 1719 2983 1926 3059; x_wconf 78' lang='lat' dir='ltr'>idem,</span> <span class='ocrx_word' id='word_1_206' title='bbox 1973 2984 2134 3047; x_wconf 85' lang='lat' dir='ltr'>talis</span> <span class='ocrx_word' id='word_1_207' title='bbox 2179 2993 2306 3048; x_wconf 88' lang='lat' dir='ltr'>est.</span> <span class='ocrx_word' id='word_1_208' title='bbox 2335 2985 2626 3066; x_wconf 81' lang='lat' dir='ltr'>angelus</span> <span class='ocrx_word' id='word_1_209' title='bbox 2671 2987 2848 3050; x_wconf 87' lang='lat' dir='ltr'>sicut</span> 
     </span>
     <span class='ocr_line' id='line_1_26' title="bbox 601 3073 2848 3163; baseline 0 -18"><span class='ocrx_word' id='word_1_210' title='bbox 601 3080 787 3162; x_wconf 82' lang='lat' dir='ltr'>apud</span> <span class='ocrx_word' id='word_1_211' title='bbox 828 3079 1021 3143; x_wconf 86' lang='lat' dir='ltr'>illum</span> <span class='ocrx_word' id='word_1_212' title='bbox 1060 3095 1253 3144; x_wconf 80' lang='lat' dir='ltr'>amor</span> <span class='ocrx_word' id='word_1_213' title='bbox 1296 3076 1700 3161; x_wconf 65' lang='lat' dir='ltr'>conjunctus</span> <span class='ocrx_word' id='word_1_214' title='bbox 1745 3089 1854 3142; x_wconf 85' lang='lat' dir='ltr'>est</span> <span class='ocrx_word' id='word_1_215' title='bbox 1911 3073 2090 3155; x_wconf 86' lang='lat' dir='ltr'>fidei,</span> <span class='ocrx_word' id='word_1_216' title='bbox 2131 3099 2212 3144; x_wconf 82' lang='lat' dir='ltr'>ac</span> <span class='ocrx_word' id='word_1_217' title='bbox 2273 3077 2441 3144; x_wconf 87' lang='lat' dir='ltr'>fides</span> <span class='ocrx_word' id='word_1_218' title='bbox 2487 3077 2848 3163; x_wconf 60' lang='lat' dir='ltr'>conjuncta</span> 
     </span>
     <span class='ocr_line' id='line_1_27' title="bbox 600 3193 841 3240; baseline -0.008 0"><span class='ocrx_word' id='word_1_219' title='bbox 600 3193 841 3240; x_wconf 74' lang='lat' dir='ltr'>amori.</span> 
     </span>
    </p>

    <p class='ocr_par' dir='ltr' id='par_1_4' title="bbox 590 3264 2934 4686">
     <span class='ocr_line' id='line_1_28' title="bbox 728 3264 2844 3353; baseline -0 -19"><span class='ocrx_word' id='word_1_220' title='bbox 728 3279 917 3350; x_wconf 69' lang='lat'>371·</span> <span class='ocrx_word' id='word_1_221' title='bbox 976 3264 1183 3350; x_wconf 83' lang='lat' dir='ltr'>Quod</span> <span class='ocrx_word' id='word_1_222' title='bbox 1230 3266 1553 3330; x_wconf 86' lang='lat' dir='ltr'>Divinum</span> <span class='ocrx_word' id='word_1_223' title='bbox 1592 3268 1978 3350; x_wconf 84' lang='lat' dir='ltr'>procedens</span> <span class='ocrx_word' id='word_1_224' title='bbox 2022 3288 2066 3332; x_wconf 89' lang='lat' dir='ltr'>a</span> <span class='ocrx_word' id='word_1_225' title='bbox 2112 3265 2414 3332; x_wconf 89' lang='lat' dir='ltr'>Domino</span> <span class='ocrx_word' id='word_1_226' title='bbox 2451 3269 2844 3353; x_wconf 88' lang='lat' dir='ltr'>principali-</span> 
     </span>
     <span class='ocr_line' id='line_1_29' title="bbox 600 3362 2844 3448; baseline -0 -19"><span class='ocrx_word' id='word_1_227' title='bbox 600 3371 710 3429; x_wconf 85' lang='lat' dir='ltr'>ter</span> <span class='ocrx_word' id='word_1_228' title='bbox 754 3362 990 3427; x_wconf 89' lang='lat' dir='ltr'>influat</span> <span class='ocrx_word' id='word_1_229' title='bbox 1034 3363 1102 3426; x_wconf 91' lang='lat' dir='ltr'>in</span> <span class='ocrx_word' id='word_1_230' title='bbox 1146 3380 1453 3425; x_wconf 88' lang='lat' dir='ltr'>amorem</span> <span class='ocrx_word' id='word_1_231' title='bbox 1492 3362 1973 3444; x_wconf 83' lang='lat' dir='ltr'>conjugialem,</span> <span class='ocrx_word' id='word_1_232' title='bbox 2023 3373 2130 3427; x_wconf 90' lang='lat' dir='ltr'>est</span> <span class='ocrx_word' id='word_1_233' title='bbox 2179 3364 2335 3447; x_wconf 86' lang='lat' dir='ltr'>quia</span> <span class='ocrx_word' id='word_1_234' title='bbox 2381 3383 2571 3427; x_wconf 88' lang='lat' dir='ltr'>amor</span> <span class='ocrx_word' id='word_1_235' title='bbox 2610 3365 2844 3448; x_wconf 84' lang='lat' dir='ltr'>conju-</span> 
     </span>
     <span class='ocr_line' id='line_1_30' title="bbox 600 3455 2845 3542; baseline 0 -19"><span class='ocrx_word' id='word_1_236' title='bbox 600 3459 802 3542; x_wconf 84' lang='lat' dir='ltr'>gialis</span> <span class='ocrx_word' id='word_1_237' title='bbox 858 3456 1220 3522; x_wconf 85' lang='lat' dir='ltr'>descendit</span> <span class='ocrx_word' id='word_1_238' title='bbox 1278 3476 1369 3520; x_wconf 84' lang='lat' dir='ltr'>ex</span> <span class='ocrx_word' id='word_1_239' title='bbox 1430 3455 1909 3538; x_wconf 62' lang='lat' dir='ltr'>conjunctione</span> <span class='ocrx_word' id='word_1_240' title='bbox 1947 3457 2108 3521; x_wconf 90' lang='lat' dir='ltr'>boni</span> <span class='ocrx_word' id='word_1_241' title='bbox 2167 3468 2239 3522; x_wconf 88' lang='lat' dir='ltr'>et</span> <span class='ocrx_word' id='word_1_242' title='bbox 2297 3459 2476 3536; x_wconf 87' lang='lat' dir='ltr'>veri;</span> <span class='ocrx_word' id='word_1_243' title='bbox 2540 3476 2720 3534; x_wconf 87' lang='lat' dir='ltr'>nam,</span> <span class='ocrx_word' id='word_1_244' title='bbox 2771 3469 2845 3523; x_wconf 90' lang='lat' dir='ltr'>ut</span> 
     </span>
     <span class='ocr_line' id='line_1_31' title="bbox 598 3548 2842 3637; baseline -0 -18"><span class='ocrx_word' id='word_1_245' title='bbox 598 3574 803 3637; x_wconf 87' lang='lat' dir='ltr'>supra</span> <span class='ocrx_word' id='word_1_246' title='bbox 835 3550 1092 3617; x_wconf 64' lang='lat' dir='ltr'>dictum</span> <span class='ocrx_word' id='word_1_247' title='bbox 1138 3561 1268 3627; x_wconf 83' lang='lat' dir='ltr'>est,</span> <span class='ocrx_word' id='word_1_248' title='bbox 1308 3553 1454 3616; x_wconf 90' lang='lat' dir='ltr'>sive</span> <span class='ocrx_word' id='word_1_249' title='bbox 1498 3549 1688 3615; x_wconf 86' lang='lat' dir='ltr'>dicas</span> <span class='ocrx_word' id='word_1_250' title='bbox 1733 3548 2285 3633; x_wconf 67' lang='lat' dir='ltr'>conjunctionem</span> <span class='ocrx_word' id='word_1_251' title='bbox 2331 3551 2726 3618; x_wconf 62' lang='lat' dir='ltr'>intellectus</span> <span class='ocrx_word' id='word_1_252' title='bbox 2771 3563 2842 3619; x_wconf 90' lang='lat' dir='ltr'>et</span> 
     </span>
     <span class='ocr_line' id='line_1_32' title="bbox 598 3641 2841 3728; baseline 0 -14"><span class='ocrx_word' id='word_1_253' title='bbox 598 3644 1003 3723; x_wconf 84' lang='lat' dir='ltr'>voluntatis,</span> <span class='ocrx_word' id='word_1_254' title='bbox 1062 3643 1206 3710; x_wconf 84' lang='lat' dir='ltr'>sive</span> <span class='ocrx_word' id='word_1_255' title='bbox 1272 3641 1824 3728; x_wconf 66' lang='lat' dir='ltr'>conjunctionem</span> <span class='ocrx_word' id='word_1_256' title='bbox 1881 3645 2044 3712; x_wconf 82' lang='lat' dir='ltr'>boni</span> <span class='ocrx_word' id='word_1_257' title='bbox 2110 3657 2184 3713; x_wconf 85' lang='lat' dir='ltr'>et</span> <span class='ocrx_word' id='word_1_258' title='bbox 2247 3647 2412 3724; x_wconf 72' lang='lat' dir='ltr'>veri,</span> <span class='ocrx_word' id='word_1_259' title='bbox 2464 3649 2646 3713; x_wconf 85' lang='lat' dir='ltr'>idem</span> <span class='ocrx_word' id='word_1_260' title='bbox 2709 3659 2841 3714; x_wconf 87' lang='lat' dir='ltr'>est.</span> 
     </span>
     <span class='ocr_line' id='line_1_33' title="bbox 600 3737 2840 3826; baseline -0 -16"><span class='ocrx_word' id='word_1_261' title='bbox 600 3739 1011 3826; x_wconf 64' lang='lat' dir='ltr'>Conjunstio</span> <span class='ocrx_word' id='word_1_262' title='bbox 1046 3737 1211 3806; x_wconf 88' lang='lat' dir='ltr'>boni</span> <span class='ocrx_word' id='word_1_263' title='bbox 1246 3752 1321 3808; x_wconf 83' lang='lat' dir='ltr'>et</span> <span class='ocrx_word' id='word_1_264' title='bbox 1357 3743 1503 3806; x_wconf 87' lang='lat' dir='ltr'>veri</span> <span class='ocrx_word' id='word_1_265' title='bbox 1540 3738 1735 3808; x_wconf 82' lang='lat' dir='ltr'>ducit</span> <span class='ocrx_word' id='word_1_266' title='bbox 1773 3743 2108 3825; x_wconf 82' lang='lat' dir='ltr'>originem</span> <span class='ocrx_word' id='word_1_267' title='bbox 2147 3763 2240 3808; x_wconf 83' lang='lat' dir='ltr'>ex</span> <span class='ocrx_word' id='word_1_268' title='bbox 2285 3737 2540 3808; x_wconf 85' lang='lat' dir='ltr'>Divino</span> <span class='ocrx_word' id='word_1_269' title='bbox 2578 3741 2840 3809; x_wconf 88' lang='lat' dir='ltr'>Amore</span> 
     </span>
     <span class='ocr_line' id='line_1_34' title="bbox 598 3836 2838 3927; baseline 0 -24"><span class='ocrx_word' id='word_1_270' title='bbox 598 3840 876 3903; x_wconf 87' lang='lat' dir='ltr'>Domini</span> <span class='ocrx_word' id='word_1_271' title='bbox 920 3858 1089 3920; x_wconf 86' lang='lat' dir='ltr'>erga</span> <span class='ocrx_word' id='word_1_272' title='bbox 1134 3851 1373 3901; x_wconf 84' lang='lat' dir='ltr'>omnes</span> <span class='ocrx_word' id='word_1_273' title='bbox 1417 3839 1531 3921; x_wconf 86' lang='lat' dir='ltr'>qui</span> <span class='ocrx_word' id='word_1_274' title='bbox 1578 3839 1645 3901; x_wconf 86' lang='lat' dir='ltr'>in</span> <span class='ocrx_word' id='word_1_275' title='bbox 1695 3837 1904 3902; x_wconf 80' lang='lat' dir='ltr'>caelis</span> <span class='ocrx_word' id='word_1_276' title='bbox 1949 3849 2133 3915; x_wconf 79' lang='lat' dir='ltr'>sunt,</span> <span class='ocrx_word' id='word_1_277' title='bbox 2172 3849 2246 3903; x_wconf 90' lang='lat' dir='ltr'>et</span> <span class='ocrx_word' id='word_1_278' title='bbox 2299 3840 2367 3927; x_wconf 79' lang='lat' dir='ltr'>in</span> <span class='ocrx_word' id='word_1_279' title='bbox 2411 3836 2633 3903; x_wconf 72' lang='lat' dir='ltr'>terrie.</span> <span class='ocrx_word' id='word_1_280' title='bbox 2725 3840 2838 3904; x_wconf 81' lang='lat' dir='ltr'>Ex</span> 
     </span>
     <span class='ocr_line' id='line_1_35' title="bbox 598 3926 2838 4014; baseline -0 -16"><span class='ocrx_word' id='word_1_281' title='bbox 598 3929 853 3998; x_wconf 88' lang='lat' dir='ltr'>Divino</span> <span class='ocrx_word' id='word_1_282' title='bbox 912 3932 1176 3998; x_wconf 88' lang='lat' dir='ltr'>Amore</span> <span class='ocrx_word' id='word_1_283' title='bbox 1241 3931 1556 4014; x_wconf 82' lang='lat' dir='ltr'>procedit</span> <span class='ocrx_word' id='word_1_284' title='bbox 1624 3926 1952 3997; x_wconf 83' lang='lat' dir='ltr'>Divinum</span> <span class='ocrx_word' id='word_1_285' title='bbox 2021 3931 2310 4011; x_wconf 87' lang='lat' dir='ltr'>Bonum,</span> <span class='ocrx_word' id='word_1_286' title='bbox 2372 3953 2454 4000; x_wconf 89' lang='lat' dir='ltr'>ac</span> <span class='ocrx_word' id='word_1_287' title='bbox 2515 3933 2838 3998; x_wconf 75' lang='lat' dir='ltr'>Divinum</span> 
     </span>
     <span class='ocr_line' id='line_1_36' title="bbox 597 4023 2838 4112; baseline 0 -18"><span class='ocrx_word' id='word_1_288' title='bbox 597 4026 866 4094; x_wconf 87' lang='lat' dir='ltr'>Bonum</span> <span class='ocrx_word' id='word_1_289' title='bbox 900 4027 1226 4110; x_wconf 81' lang='lat' dir='ltr'>recipitur</span> <span class='ocrx_word' id='word_1_290' title='bbox 1270 4027 1359 4092; x_wconf 88' lang='lat' dir='ltr'>ab</span> <span class='ocrx_word' id='word_1_291' title='bbox 1402 4027 1669 4112; x_wconf 77' lang='lat' dir='ltr'>angelis</span> <span class='ocrx_word' id='word_1_292' title='bbox 1723 4037 1797 4092; x_wconf 90' lang='lat' dir='ltr'>et</span> <span class='ocrx_word' id='word_1_293' title='bbox 1861 4027 1950 4092; x_wconf 84' lang='lat' dir='ltr'>ab</span> <span class='ocrx_word' id='word_1_294' title='bbox 2000 4027 2390 4094; x_wconf 83' lang='lat' dir='ltr'>hominibus</span> <span class='ocrx_word' id='word_1_295' title='bbox 2448 4023 2516 4094; x_wconf 90' lang='lat' dir='ltr'>in</span> <span class='ocrx_word' id='word_1_296' title='bbox 2575 4024 2838 4094; x_wconf 84' lang='lat' dir='ltr'>Divinis</span> 
     </span>
     <span class='ocr_line' id='line_1_37' title="bbox 594 4123 2839 4208; baseline 0 -20"><span class='ocrx_word' id='word_1_297' title='bbox 594 4125 811 4188; x_wconf 73' lang='lat' dir='ltr'>vei-ist</span> <span class='ocrx_word' id='word_1_298' title='bbox 858 4123 1081 4187; x_wconf 83' lang='lat' dir='ltr'>solum</span> <span class='ocrx_word' id='word_1_299' title='bbox 1118 4123 1631 4206; x_wconf 82' lang='lat' dir='ltr'>receptaculum</span> <span class='ocrx_word' id='word_1_300' title='bbox 1670 4125 1832 4187; x_wconf 83' lang='lat' dir='ltr'>boni</span> <span class='ocrx_word' id='word_1_301' title='bbox 1869 4133 1978 4188; x_wconf 87' lang='lat' dir='ltr'>est</span> <span class='ocrx_word' id='word_1_302' title='bbox 2015 4143 2296 4204; x_wconf 82' lang='lat' dir='ltr'>verum3</span> <span class='ocrx_word' id='word_1_303' title='bbox 2343 4135 2763 4208; x_wconf 84' lang='lat' dir='ltr'>quapropter</span> <span class='ocrx_word' id='word_1_304' title='bbox 2797 4145 2839 4189; x_wconf 90' lang='lat' dir='ltr'>a</span> 
     </span>
     <span class='ocr_line' id='line_1_38' title="bbox 594 4217 2836 4303; baseline 0.001 -21"><span class='ocrx_word' id='word_1_305' title='bbox 594 4219 783 4284; x_wconf 91' lang='lat' dir='ltr'>nullo</span> <span class='ocrx_word' id='word_1_306' title='bbox 820 4219 1029 4301; x_wconf 88' lang='lat' dir='ltr'>recipi</span> <span class='ocrx_word' id='word_1_307' title='bbox 1074 4225 1309 4300; x_wconf 88' lang='lat' dir='ltr'>potest</span> <span class='ocrx_word' id='word_1_308' title='bbox 1347 4217 1601 4301; x_wconf 85' lang='lat' dir='ltr'>aliquid</span> <span class='ocrx_word' id='word_1_309' title='bbox 1648 4236 1690 4282; x_wconf 90' lang='lat' dir='ltr'>a</span> <span class='ocrx_word' id='word_1_310' title='bbox 1736 4217 2035 4282; x_wconf 89' lang='lat' dir='ltr'>Domino</span> <span class='ocrx_word' id='word_1_311' title='bbox 2081 4228 2152 4283; x_wconf 91' lang='lat' dir='ltr'>et</span> <span class='ocrx_word' id='word_1_312' title='bbox 2196 4236 2234 4282; x_wconf 86' lang='lat' dir='ltr'>e</span> <span class='ocrx_word' id='word_1_313' title='bbox 2279 4219 2498 4297; x_wconf 86' lang='lat' dir='ltr'>caelo,</span> <span class='ocrx_word' id='word_1_314' title='bbox 2538 4221 2650 4303; x_wconf 86' lang='lat' dir='ltr'>qui</span> <span class='ocrx_word' id='word_1_315' title='bbox 2696 4231 2836 4284; x_wconf 86' lang='lat' dir='ltr'>non</span> 
     </span>
     <span class='ocr_line' id='line_1_39' title="bbox 590 4311 2934 4397; baseline 0.001 -20"><span class='ocrx_word' id='word_1_316' title='bbox 590 4313 659 4377; x_wconf 89' lang='lat' dir='ltr'>in</span> <span class='ocrx_word' id='word_1_317' title='bbox 684 4314 864 4377; x_wconf 87' lang='lat' dir='ltr'>veris</span> <span class='ocrx_word' id='word_1_318' title='bbox 888 4320 997 4377; x_wconf 87' lang='lat' dir='ltr'>est</span> <span class='ocrx_word' id='word_1_319' title='bbox 1021 4333 1037 4391; x_wconf 91' lang='lat'><strong>;</strong></span> <span class='ocrx_word' id='word_1_320' title='bbox 1083 4321 1415 4395; x_wconf 86' lang='lat' dir='ltr'>quantum</span> <span class='ocrx_word' id='word_1_321' title='bbox 1441 4314 1675 4396; x_wconf 87' lang='lat' dir='ltr'>itaque</span> <span class='ocrx_word' id='word_1_322' title='bbox 1697 4333 1860 4378; x_wconf 81' lang='lat' dir='ltr'>vera</span> <span class='ocrx_word' id='word_1_323' title='bbox 1885 4313 2066 4395; x_wconf 83' lang='lat' dir='ltr'>apud</span> <span class='ocrx_word' id='word_1_324' title='bbox 2097 4311 2448 4378; x_wconf 85' lang='lat' dir='ltr'>hominem</span> <span class='ocrx_word' id='word_1_325' title='bbox 2474 4313 2836 4397; x_wconf 63' lang='lat' dir='ltr'>conjuncta</span> <span class='ocrx_word' id='word_1_326' title='bbox 2927 4332 2934 4343; x_wconf 83' lang='lat'><strong>¹</strong></span> 
     </span>
     <span class='ocr_line' id='line_1_40' title="bbox 592 4406 2832 4491; baseline 0 -19"><span class='ocrx_word' id='word_1_327' title='bbox 592 4415 754 4473; x_wconf 89' lang='lat' dir='ltr'>sunt</span> <span class='ocrx_word' id='word_1_328' title='bbox 784 4408 993 4485; x_wconf 89' lang='lat' dir='ltr'>bono,</span> <span class='ocrx_word' id='word_1_329' title='bbox 1028 4415 1303 4472; x_wconf 81' lang='lat' dir='ltr'>tantum</span> <span class='ocrx_word' id='word_1_330' title='bbox 1336 4408 1548 4472; x_wconf 89' lang='lat' dir='ltr'>homo</span> <span class='ocrx_word' id='word_1_331' title='bbox 1578 4406 1984 4491; x_wconf 64' lang='lat' dir='ltr'>conjunctus</span> <span class='ocrx_word' id='word_1_332' title='bbox 2017 4419 2125 4473; x_wconf 88' lang='lat' dir='ltr'>est</span> <span class='ocrx_word' id='word_1_333' title='bbox 2165 4409 2468 4474; x_wconf 87' lang='lat' dir='ltr'>Domino</span> <span class='ocrx_word' id='word_1_334' title='bbox 2505 4417 2580 4476; x_wconf 84' lang='lat' dir='ltr'>et</span> <span class='ocrx_word' id='word_1_335' title='bbox 2615 4409 2832 4474; x_wconf 85' lang='lat' dir='ltr'>caelo.</span> 
     </span>
     <span class='ocr_line' id='line_1_41' title="bbox 593 4502 2834 4594; baseline 0.001 -26"><span class='ocrx_word' id='word_1_336' title='bbox 593 4504 764 4570; x_wconf 86' lang='lat' dir='ltr'>Inde</span> <span class='ocrx_word' id='word_1_337' title='bbox 802 4524 981 4568; x_wconf 85' lang='lat' dir='ltr'>nunc</span> <span class='ocrx_word' id='word_1_338' title='bbox 1028 4514 1137 4569; x_wconf 89' lang='lat' dir='ltr'>est</span> <span class='ocrx_word' id='word_1_339' title='bbox 1182 4505 1334 4589; x_wconf 80' lang='lat' dir='ltr'>ipsa</span> <span class='ocrx_word' id='word_1_340' title='bbox 1378 4505 1573 4594; x_wconf 81' lang='lat' dir='ltr'>origo</span> <span class='ocrx_word' id='word_1_341' title='bbox 1619 4503 1872 4568; x_wconf 83' lang='lat' dir='ltr'>amoris</span> <span class='ocrx_word' id='word_1_342' title='bbox 1911 4502 2361 4588; x_wconf 76' lang='lat' dir='ltr'>conjugia1i33</span> <span class='ocrx_word' id='word_1_343' title='bbox 2421 4513 2834 4589; x_wconf 80' lang='lat' dir='ltr'>quapropter</span> 
     </span>
     <span class='ocr_line' id='line_1_42' title="bbox 590 4597 2828 4686; baseline 0.001 -21"><span class='ocrx_word' id='word_1_344' title='bbox 590 4609 699 4665; x_wconf 89' lang='lat' dir='ltr'>est</span> <span class='ocrx_word' id='word_1_345' title='bbox 756 4599 872 4664; x_wconf 89' lang='lat' dir='ltr'>ille</span> <span class='ocrx_word' id='word_1_346' title='bbox 931 4601 1153 4682; x_wconf 89' lang='lat' dir='ltr'>ipsum</span> <span class='ocrx_word' id='word_1_347' title='bbox 1211 4599 1491 4680; x_wconf 86' lang='lat' dir='ltr'>planum</span> <span class='ocrx_word' id='word_1_348' title='bbox 1531 4599 1826 4664; x_wconf 83' lang='lat' dir='ltr'>influxus</span> <span class='ocrx_word' id='word_1_349' title='bbox 1887 4597 2136 4666; x_wconf 87' lang='lat' dir='ltr'>Divini.</span> <span class='ocrx_word' id='word_1_350' title='bbox 2225 4599 2398 4666; x_wconf 91' lang='lat' dir='ltr'>Inde</span> <span class='ocrx_word' id='word_1_351' title='bbox 2459 4611 2590 4677; x_wconf 89' lang='lat' dir='ltr'>est,</span> <span class='ocrx_word' id='word_1_352' title='bbox 2647 4603 2828 4686; x_wconf 86' lang='lat' dir='ltr'>quod</span> 
     </span>
    </p>
   </div>
  </div>
 </body>
</html>
