3371 5304
625 592 754 660 304
1271 587 1375 639 DE
1417 587 1668 639 CAELO
1714 587 1811 638 ET
1857 587 2216 639 INFERNO.

615 767 797 835 sunt,
835 767 1171 842 apparent
1210 759 1388 822 sicut
1425 757 1716 840 nigrum,
1756 757 2181 842 quia.clausa
2218 766 2400 833 sunt,
2439 767 2513 824 et
2557 777 2855 840 quorun-

617 855 778 918 dam
815 853 992 917 sicut
1029 852 1391 917 obscurum
1423 854 1722 934 igneum,
1756 853 1869 936 qui
1904 862 2065 917 sunt
2102 853 2215 935 qui
2250 853 2319 916 in
2356 852 2521 916 dolo
2552 853 2860 936 maligno

617 949 904 1012 interius
939 947 1258 1024 fuerunt3
1306 948 1656 1011 exteriora
1700 957 1932 1010 autem
1978 955 2311 1029 apparent
2358 948 2425 1010 in
2472 947 2705 1012 colore
2748 957 2855 1011 te·

617 1050 750 1116 tr0,
789 1051 863 1106 et
919 1042 1010 1104 ad
1067 1039 1418 1124 aspectum
1456 1042 1662 1104 tristi.
1754 1041 2125 1124 (Interiora
2168 1051 2241 1104 et
2298 1043 2651 1105 exteriora
2684 1062 2859 1127 quae

618 1136 870 1200 mentis
901 1145 974 1200 et
1005 1137 1210 1199 animi
1235 1145 1418 1211 sunt,
1441 1137 1510 1198 in
1535 1135 1793 1199 mundo
1818 1135 2152 1216 spirituali
2178 1135 2515 1200 sistuntur
2534 1136 2853 1210 videnda,

618 1231 892 1313 quoties
912 1231 1212 1294 Domino
1236 1229 1704 1312 beneplacet.)
1796 1228 1931 1310 Qui
1964 1231 2030 1293 in
2056 1247 2289 1292 amore
2312 1247 2647 1311 corporeo
2672 1241 2853 1305 sunt,

620 1324 786 1387 nihil
817 1325 1054 1389 vident
1089 1326 1156 1387 in
1195 1323 1346 1388 luce
1377 1325 1588 1388 caeli:
1640 1324 1763 1388 lux
1786 1324 1967 1389 caeli
2004 1321 2139 1386 illis
2168 1333 2277 1387 est
2309 1324 2577 1406 calig0;
2624 1335 2698 1388 at
2736 1325 2857 1387 lux

619 1418 882 1493 inferni,
921 1438 1095 1501 quae
1133 1427 1244 1482 est
1279 1419 1460 1482 sicut
1509 1418 1628 1482 lux
1673 1439 1767 1482 ex
1812 1419 2053 1501 ignitis
2098 1417 2531 1495 carbonibus,
2570 1429 2678 1483 est
2722 1419 2857 1483 illis

619 1515 798 1577 sicut
843 1513 1032 1577 clara
1076 1513 1248 1592 lux3
1319 1514 1386 1577 in
1442 1513 1592 1576 luce
1637 1513 1811 1576 caeli
1870 1513 2081 1577 etiam
2121 1513 2619 1578 obtenebratur
2672 1515 2857 1577 visus

618 1626 853 1671 eorum
911 1609 1212 1684 interior,
1271 1627 1482 1691 usque
1540 1617 1616 1671 ut
1685 1609 2053 1683 insaniant,
2114 1617 2534 1690 quapropter
2588 1609 2857 1690 fugiunt

619 1704 830 1778 illam,
871 1712 942 1768 et
981 1702 1364 1766 recondunt
1399 1722 1474 1766 se
1519 1701 1586 1764 in
1625 1703 1845 1766 antris
1880 1713 1952 1766 et
1996 1705 2329 1778 cavernis»,
2370 1703 2701 1787 profunde
2744 1723 2857 1766 se·

620 1797 915 1862 cundum
955 1796 1130 1860 salsa
1173 1816 1263 1860 ex
1311 1795 1511 1859 malis
1549 1797 1729 1877 apud
1768 1815 1931 1860 eos:
1979 1797 2275 1860 vicissim
2314 1807 2549 1860 autem
2586 1796 2706 1872 illi,
2744 1799 2859 1882 qui

619 1895 687 1956 in
725 1911 960 1955 amore
997 1891 1281 1955 caelesti
1319 1898 1496 1966 sunt,
1536 1910 1672 1972 quo
1708 1892 1991 1954 interius
2026 1911 2145 1954 seu
2183 1893 2489 1972 superius
2534 1893 2601 1954 in
2634 1890 2857 1955 lucem

619 1987 792 2052 caeli
816 1987 1122 2061 veniunt,
1146 2006 1232 2050 eo
1255 1985 1503 2049 clarius
1528 1985 1761 2049 omnia
1783 1986 2042 2060 vident,
2069 1995 2143 2049 et
2176 2005 2447 2068 quoque
2472 1986 2857 2069 pulchriora

619 2083 869 2156 omnia,
908 2100 988 2143 ac
1037 2100 1122 2143 eo
1166 2079 1668 2160 intelligentius
1715 2089 1789 2143 et
1834 2081 2213 2163 sapientius
2250 2080 2632 2161 percipiunt
2675 2099 2855 2144 vera.

622 2176 756 2258 Qui
793 2177 860 2238 in
897 2194 1130 2238 amore
1163 2193 1493 2257 corporeo
1525 2185 1708 2249 sunt,
1742 2193 2169 2257 nequaquam
2200 2177 2429 2238 vivere
2462 2184 2752 2256 possunt
2788 2175 2856 2237 in

621 2269 852 2334 calore
889 2267 1088 2344 caeli,
1130 2286 1288 2331 narn
1335 2268 1524 2332 calor
1569 2269 1745 2333 caeli
1802 2279 1911 2332 est
1972 2268 2294 2332 caelestis
2348 2287 2561 2344 amor,
2608 2268 2730 2333 sed
2788 2268 2857 2332 in

620 2365 848 2430 calore
885 2363 1147 2438 inferni,
1187 2363 1300 2445 qui
1335 2372 1443 2426 est
1481 2381 1674 2426 amor
1710 2362 2057 2426 saeviendi
2093 2364 2159 2426 in
2198 2363 2371 2426 alios
2408 2365 2520 2446 qui
2556 2361 2683 2426 sibi
2720 2381 2857 2426 non

619 2458 875 2522 favent.
964 2455 1426 2536 Contemptus
1461 2456 1771 2533 aliorum,
1810 2458 2229 2532 inimicitiae,
2270 2458 2450 2532 odia,
2490 2454 2853 2528 vindictae,

621 2562 782 2615 sunt
828 2550 1012 2614 illius
1057 2551 1310 2613 amoris
1350 2549 1699 2632 jucunda3
1767 2552 1833 2613 in
1894 2552 2138 2633 quibus
2184 2571 2337 2615 cum
2384 2560 2567 2626 sunt,
2614 2553 2683 2615 in
2736 2571 2859 2614 sua

620 2647 766 2711 vita
796 2655 957 2711 sunt
985 2667 1000 2724 ;
1049 2666 1322 2728 prorsus
1353 2666 1492 2710 non
1517 2647 1820 2711 scientes
1850 2646 2011 2729 quid
2042 2647 2134 2710 sit
2170 2647 2425 2711 bonum
2457 2646 2678 2711 facere
2708 2645 2857 2710 aliis

621 2762 712 2805 ex
749 2743 902 2824 ipso
938 2741 1144 2815 bone,
1183 2750 1258 2804 et
1295 2752 1580 2823 propter
1614 2742 1835 2824 ipsum
1875 2742 2154 2817 bonum,
2194 2742 2317 2805 sed
2356 2742 2565 2805 modo
2599 2742 2853 2805 bonum

622 2858 714 2901 ex
751 2836 936 2898 malo
973 2844 1045 2899 et
1084 2844 1366 2916 propter
1401 2836 1676 2899 malum.
1767 2833 1900 2917 Qui
1930 2836 2004 2899 in
2040 2854 2274 2899 amore
2310 2856 2643 2917 corporeo
2672 2844 2853 2907 sunt.

623 2950 750 2994 nec
779 2931 1110 3011 respirare
1142 2939 1433 3010 possunt
1470 2931 1538 2993 in
1577 2928 1775 2994 caelo
1806 2950 1823 2994 ε
1871 2949 2025 2994 cum
2057 2929 2299 3013 aliquis
2332 2931 2551 2993 malus
2581 2931 2857 3012 spiritus

623 3025 780 3090 illuc
813 3024 1044 3099 fertur,
1079 3022 1292 3086 trahit
1325 3024 1626 3087 animam
1659 3028 1838 3088 sicut
1868 3026 1982 3107 qui
2020 3024 2292 3089 laborat
2330 3026 2397 3086 in
2431 3044 2699 3105 agone;
2744 3026 2855 3106 qui

622 3130 856 3185 autem
891 3120 960 3181 in
997 3116 1281 3181 caelesti
1312 3136 1546 3182 amore
1577 3129 1759 3194 sunt,
1798 3140 1884 3183 eo
1912 3118 2187 3183 liberius
2218 3119 2579 3202 respirant,
2604 3128 2677 3181 et
2712 3118 2857 3199 ple-

624 3216 774 3279 nius
818 3214 1079 3287 vivunt,
1119 3232 1254 3295 quo
1289 3212 1572 3276 interius
1616 3215 1687 3278 in
1732 3214 1947 3278 caelo.
2037 3214 2149 3277 Ex
2196 3214 2303 3278 his
2341 3224 2663 3278 constare
2698 3223 2855 3296 pot·

625 3318 757 3384 est,
799 3309 982 3391 quod
1028 3327 1224 3370 amor
1274 3306 1598 3371 caelestis
1657 3318 1730 3373 et
1790 3308 2157 3392 spiritualis
2217 3310 2308 3373 sit
2368 3307 2634 3373 caelum
2679 3308 2857 3391 apud

621 3404 995 3478 hominem,
1037 3404 1194 3485 quia
1249 3402 1348 3465 illi
1407 3404 1623 3466 amori
1662 3406 1895 3467 omnia
1930 3403 2104 3467 caeli
2157 3405 2489 3486 inscripta
2524 3413 2726 3481 sunt;
2786 3412 2858 3466 et

625 3499 812 3583 quod
844 3516 1039 3561 arnor
1070 3516 1438 3577 corporeus
1470 3507 1543 3561 et
1584 3496 1835 3580 [amor]
1870 3499 2253 3561 mundanus
2286 3498 2542 3581 absque
2572 3496 2857 3561 caelesti

626 3604 698 3659 et
735 3592 1068 3676 spirituali
1107 3593 1246 3656 sint
1281 3591 1616 3657 infernum
1654 3593 1836 3675 apud
1881 3592 2253 3669 hominem,
2294 3594 2449 3677 quia
2492 3592 2629 3657 illis
2663 3612 2855 3655 amo-

625 3690 808 3753 ribus
845 3688 1074 3751 omnia
1109 3686 1347 3750 inferni
1384 3686 1718 3769 inscripta
1752 3698 1933 3751 sunt.
2022 3687 2137 3751 Ex
2174 3688 2279 3751 his
2316 3696 2535 3769 patet,
2569 3686 2753 3770 quod
2788 3686 2857 3749 in

626 3782 894 3848 caelum
931 3782 1188 3857 veniat,
1229 3782 1336 3845 cui
1372 3800 1565 3847 amor
1599 3780 1923 3846 caelestis
1967 3791 2038 3846 et
2086 3782 2454 3864 spiritualis
2490 3790 2623 3858 est,
2664 3800 2743 3845 ac
2789 3780 2856 3844 in

628 3878 960 3942 infernum
991 3877 1098 3941 cui
1129 3896 1322 3940 amor
1355 3896 1723 3960 corporeus
1759 3886 1831 3941 et
1870 3877 2255 3941 mundanus
2286 3877 2542 3961 absque
2574 3876 2856 3941 caelesti

627 3982 699 4037 et
737 3970 1071 4053 spirituali
1107 3980 1237 4036 est.

757 4066 954 4147 4829
1003 4063 1218 4149 [(iv.)]
1273 4062 1470 4143 Quod
1475 4064 1660 4149 fides
1697 4082 1824 4126 non
1860 4070 2128 4125 maneat
2152 4058 2479 4125 hominem
2510 4061 2582 4125 si
2610 4080 2735 4125 non
2777 4081 2861 4124 ex

629 4182 856 4226 amore
869 4159 1141 4225 caelesti
1161 4158 1274 4236 sit,
1303 4180 1421 4243 per
1445 4170 1590 4223 tam
1615 4157 1903 4222 multam
1929 4158 2427 4239 experientiam
2454 4157 2619 4221 mihi
2640 4158 2859 4223 mani-

629 4255 956 4319 festatum
995 4262 1126 4329 est,
1162 4262 1238 4317 ut
1273 4253 1331 4315 si
1368 4251 1487 4316 illa
1521 4271 1697 4335 quae
1726 4251 1863 4314 vidi
1901 4259 1975 4314 et
2012 4250 2237 4314 audivi
2274 4251 2363 4313 de
2400 4271 2483 4314 ea
2518 4270 2613 4326 re,
2643 4250 2859 4314 addu-

632 4358 970 4423 cerentur,
1025 4346 1393 4429 implerent
1453 4346 1717 4410 librum.
1808 4344 1965 4409 Hoc
2023 4346 2263 4408 testari
2322 4362 2620 4428 possum,
2680 4344 2861 4427 quod

633 4463 908 4525 prorsus
947 4440 1134 4507 nulla
1170 4441 1342 4505 fides
1378 4443 1484 4517 sit,
1521 4461 1646 4505 nec
1695 4440 1835 4504 ulla
1878 4440 2025 4503 dari
2070 4440 2289 4520 possit
2328 4438 2511 4521 apud
2552 4437 2710 4503 illos
2754 4438 2864 4521 qui

633 4540 699 4601 in
739 4557 972 4602 amore
1003 4555 1334 4619 corporeo
1371 4556 1447 4603 ac
1489 4536 1837 4601 mundano
1872 4535 2129 4618 absque
2161 4533 2446 4599 caelesti
2482 4542 2555 4598 et
2590 4534 2863 4616 spiritu-
