3371 5304
612 649 738 716 334
1121 693 1126 700 .
1245 648 1348 702 οε
1392 647 1652 702 catto
1694 649 1793 702 m·
1838 649 2202 704 mazano,

608 837 770 886 num
807 819 1158 898 ordinem
1218 829 1292 886 et
1335 821 1522 903 quod
1565 831 1674 885 est
1720 833 1969 886 contra
2004 821 2327 886 Divinum
2364 823 2697 898 ordinem,
2734 830 2851 888 est

607 921 854 976 contra
879 912 1222 976 Divinum.
1290 911 1578 976 Divinus
1609 913 1783 978 ordo
1812 925 1923 978 est
1956 914 2220 978 caelum
2246 916 2425 997 apud
2458 915 2805 980 hominem
2832 937 2849 994 ;

605 1002 798 1066 illum
837 1013 1266 1085 perverterat
1311 1005 1524 1068 homo
1565 1005 1753 1086 apud
1810 1025 1885 1070 se
1946 1025 2067 1088 per
2102 1008 2319 1070 vitam
2364 1017 2613 1070 contra
2656 1007 2851 1089 leges

606 1095 888 1172 ordinis,
927 1115 1104 1178 quae
1139 1105 1306 1162 sunt
1341 1096 1592 1160 Divina
1627 1117 1829 1160 vera:
1879 1098 1947 1162 in
1994 1096 2187 1160 illum
2233 1099 2543 1162 ordinem
2580 1100 2849 1162 reduci·

605 1197 718 1250 tur
751 1186 964 1252 homo
995 1208 1088 1252 ex
1127 1207 1296 1270 pura
1331 1189 1799 1253 misericordia
1834 1209 1877 1252 a
1914 1189 2241 1264 Domino,
2278 1209 2399 1272 per
2435 1189 2631 1272 leges
2664 1191 2850 1254 ordi-

605 1278 710 1342 nis
739 1299 756 1358 ;
803 1288 876 1342 et
907 1289 1236 1362 quantum
1269 1281 1636 1358 reducitur,
1663 1290 1941 1344 tantum
1973 1281 2241 1346 caelum
2273 1283 2341 1345 in
2372 1303 2446 1346 se
2478 1283 2743 1364 recipit,
2774 1291 2853 1348 et

603 1371 716 1454 qui
750 1369 1017 1436 caelum
1057 1372 1125 1436 in
1171 1393 1246 1436 se
1281 1373 1544 1454 recipit,
1584 1373 1640 1436 is
1685 1374 1755 1436 in
1794 1373 2063 1438 caelum
2100 1374 2313 1436 venit.
2396 1373 2569 1437 Inde
2600 1375 2851 1438 iterum

605 1472 804 1544 patet
858 1464 1040 1546 quod
1095 1461 1348 1528 Divina
1400 1463 1866 1529 misericordia
1918 1463 2197 1530 Domini
2242 1467 2331 1530 sit
2372 1484 2543 1547 pura
2586 1465 2849 1530 miseri-

604 1554 860 1630 cordia,
901 1553 1022 1618 sed
1064 1575 1202 1619 non
1240 1553 1747 1620 immediataffl)

729 1661 922 1732 524.
995 1643 1067 1710 Si
1131 1647 1448 1712 homines
1513 1647 1901 1730 potuissent
1964 1647 2215 1712 salvari
2285 1669 2377 1712 ex
2446 1649 2847 1712 immediata

605 1737 1087 1813 misericordia,
1116 1739 1548 1804 salvarentur
1577 1759 1839 1818 omnes,
1876 1740 2086 1804 etiam
2119 1741 2229 1825 qui
2269 1741 2335 1804 in
2368 1740 2630 1804 inferno
2663 1748 2847 1816 sunt,

605 1831 816 1894 immo
874 1850 1000 1894 nec
1047 1829 1220 1894 foret
1255 1831 1614 1905 infernum,
1653 1833 1813 1916 quia
1851 1831 2187 1896 Dominus
2224 1842 2333 1897 est
2385 1833 2533 1914 ipsa
2579 1831 2847 1895 Miseri·

603 1923 863 1998 cordia,
901 1923 1046 2004 ipse
1101 1922 1346 1998 Amor,
1385 1932 1459 1987 et
1518 1923 1741 2006 ipsum
1782 1923 2093 2002 Bonum;
2145 1935 2566 2008 quapropter
2602 1934 2848 1988 contra

607 2012 930 2077 Divinum
973 2011 1195 2098 Ipsius
1245 2025 1352 2078 est
1389 2015 1644 2090 dicere,
1684 2015 1867 2096 quod
1906 2034 2151 2078 omnes
2188 2016 2589 2080 immediate
2626 2017 2845 2098 possit

605 2106 896 2181 salvare,
923 2117 994 2169 et
1027 2125 1163 2169 non
1193 2105 1442 2169 salvat.
1537 2105 1801 2171 Notum
1834 2127 1925 2170 ex
1958 2105 2199 2170 Verbo
2228 2116 2361 2181 est,
2388 2107 2571 2189 quod
2606 2105 2847 2172 Domi·

605 2218 732 2262 nus
770 2197 1073 2261 omnium
1114 2197 1434 2274 salutem,
1473 2207 1546 2262 et
1586 2198 1837 2262 nullius
1875 2198 2419 2274 damnationem,
2458 2197 2648 2263 velit.

1383 2393 1482 2446 [(nx
1505 2405 1703 2437 anemis

2036 2395 2069 2448 )1

714 2495 820 2564 (bb)
933 2495 1055 2550 uod
1079 2493 1364 2549 Divinum
1381 2493 1607 2550 Verum
1629 2495 1963 2566 procedens
1986 2513 2025 2550 a
2048 2493 2331 2559 Domino,
2350 2495 2429 2552 sit
2444 2513 2517 2551 ex
2536 2512 2659 2568 quo
2677 2497 2847 2558 ordo.

604 2577 667 2622 et
691 2566 854 2693 {uod
949 2565 1178 2620 ivinum
1213 2565 1450 2620 Bonum
1491 2567 1571 2622 sit
1607 2567 1926 2621 essentiale
1956 2566 2185 2622 ordinis
2217 2570 2299 2637 (ιι.
2332 2567 2483 2634 1728,
2512 2567 2668 2636 2258,
2689 2567 2845 2634 8700.

604 2638 892 2781 898duod
931 2707 1074 2765 inde
1112 2706 1412 2764 Dominus
1447 2708 1530 2763 sit
1566 2708 1737 2764 Ordo
1776 2711 1859 2775 (ιι.
1894 2723 2047 2779 19¹9·
2080 2723 2239 2773 2011,
2272 2722 2429 2781 5110,
2460 2722 2615 2779 5703.
2658 2709 2847 2781 10336.

610 2780 737 2834 1061
782 2782 824 2847 ).

772 2850 892 2904 uod
919 2846 1140 2904 Divina
1163 2864 1306 2905 vera
1329 2848 1450 2904 sint
1475 2848 1640 2921 leges
1665 2850 1897 2905 ordinis
1922 2852 2005 2919 (n.
2034 2848 2225 2919 2247st
2246 2850 2425 2919 2447],
2452 2850 2635 2919 7995).

771 2921 896 2977 uod
937 2921 1286 2977 universum
1331 2922 1565 2977 caelum
1604 2936 1642 2977 a
1682 2920 1951 2977 Domino
1986 2922 2350 2990 dispositum
2394 2922 2474 2976 sit
2512 2920 2843 2977 seeundum

607 2990 898 3129 Divm)um
947 3006 1122 3047 suum
1166 2991 1441 3047 ordinem
1493 2993 1578 3061 (n.
1621 2992 1779 3062 3038,
1816 3004 1971 3058 7²¹¹·
2016 2991 2175 3061 9128,
2215 2992 2373 3062 9338,
2424 3004 2611 3061 roras,
2654 3004 2847 3061 10151,

609 3074 777 3130 10157
810 3102 823 3116 .

711 3130 893 3204 Quod
934 3130 1306 3188 indetforma
1340 3130 1488 3187 caeli
1526 3131 1609 3188 sit
1645 3130 1839 3187 forma
1874 3133 2204 3187 secundum
2242 3131 2515 3188 ordinem
2554 3130 2843 3187 Divinum

609 3206 688 3273 (n.
713 3216 1053 3271 4040-4043.
1077 3202 1237 3269 6607.
1335 3204 1448 3270 77)·
1956 3273 1970 3287 ,
2246 3274 2260 3287 ‚
2344 3274 2358 3287 ‚
2782 3273 2796 3287 ‚

711 3274 894 3346 Quod
931 3284 1224 3345 quantum
1299 3289 1442 3329 omo
1467 3274 1803 3331 secundum
1839 3274 2115 3329 ordinem
2140 3272 2310 3335 vivit.
2342 3284 2429 3329 ita
2456 3282 2751 3344 quantum
2780 3289 2847 3329 ιιι

605 3348 768 3401 bono
793 3345 1124 3399 secundum
1150 3360 1292 3399 vera
1318 3343 1554 3407 Divina,
1579 3354 1817 3399 tantum
1844 3344 2073 3399 caelum
2102 3344 2162 3397 in
2190 3360 2253 3398 se
2280 3344 2526 3415 recipiat
2553 3347 2635 3414 (n.
2659 3344 2847 3413 4839).

713 3414 892 3487 Quod
931 3414 1118 3469 homo
1153 3416 1233 3470 sit
1269 3415 1326 3470 in
1368 3432 1550 3499 quem
1588 3416 1794 3469 omnia
1832 3412 2037 3469 Divini
2072 3414 2303 3470 ordinis
2339 3415 2560 3470 collata
2594 3424 2751 3476 sunt.
2782 3426 2846 3469 et

606 3487 771 3559 quod
802 3501 875 3542 ex
899 3486 1204 3543 creatione
1227 3486 1308 3541 sit
1336 3484 1594 3541 Divinus
1615 3486 1769 3541 ordo
1796 3485 1855 3540 in
1881 3485 2088 3548 forma,
2154 3484 2256 3539 uia
2276 3495 2371 3541 est
2398 3485 2691 3556 recipiens
2712 3486 2847 3555 ejus

610 3560 692 3627 (ιι.
715 3571 874 3625 ⁴2¹9·
904 3570 1063 3624 4220,
1091 3572 1254 3626 4223.
1283 3571 1320 3623 4
1358 3572 1442 3627 23·
1471 3570 1630 3626 4524,
1668 3570 1823 3625 51¹4·
1864 3556 2054 3627 5368[?
2086 3500 2241 3627 3228,
2272 3556 2457 3627 36321.
2489 3556 2651 3625 6013,
2685 3556 2845 3626 6057.

553 3644 558 3649 ·
607 3630 764 3697 6605,
789 3626 948 3689 6626,
973 3629 1132 3697 9706,
1165 3640 1296 3697 1015
1337 3670 1350 3691 ,
1383 3630 1595 3697 10472).

716 3698 896 3770 Quod
927 3698 1114 3754 homo
1151 3714 1274 3753 non
1311 3708 1595 3753 nascatur
1626 3698 1687 3752 in
1716 3698 1944 3752 bonum
1970 3708 2033 3752 et
2056 3712 2285 3759 verum,
2311 3698 2417 3753 sed
2444 3696 2505 3751 in
2533 3698 2755 3752 malum
2782 3706 2847 3751 et

609 3770 840 3832 falsum,
867 3770 954 3824 ita
981 3785 1104 3825 non
1143 3768 1204 3823 in
1245 3768 1528 3825 Divinum
1559 3769 1851 3831 ordinem,
1882 3770 1989 3823 sed
2022 3770 2081 3823 in
2113 3768 2481 3824 contrarium
2504 3768 2735 3830 ordini:
2781 3778 2847 3823 et

609 3841 768 3913 quod
792 3841 932 3897 inde
955 3841 1050 3903 sit,
1075 3841 1242 3912 quod
1271 3840 1328 3894 in
1357 3856 1582 3895 meram
1609 3840 2041 3912 ignorantiamz
2070 3850 2133 3897 et
2194 3841 2315 3895 uod
2344 3840 2482 3894 ideo
2507 3838 2847 3895 necessario

608 3929 641 3967 e
667 3927 828 3966 novo
853 3910 1074 3966 debeat
1111 3911 1290 3973 nasci,
1319 3911 1436 3966 hoc
1465 3920 1574 3973 est,
1603 3909 1956 3981 regenerari,
1977 3856 2236 3979 quodffit
2262 3924 2368 3981 per
2394 3908 2617 3964 Divina
2638 3924 2782 3965 vera
2810 3925 2849 3965 a

610 3982 892 4045 Domino,
931 3991 999 4035 ut
1036 3982 1094 4037 in
1134 3982 1409 4037 ordinem
1447 3982 1771 4036 reducatur
1808 3983 1891 4047 (ιι.
1929 3992 2079 4047 1047,
2120 3992 2275 4051 2307,
2310 3980 2465 4051 2308,
2498 3980 2655 4049 3518,
2688 3980 2843 4049 3812,

609 4052 766 4122 8480,
791 4052 950 4121 8550,
982 4053 1170 4121 10283,
1202 4054 1392 4119 10284,
1423 4050 1610 4115 10286,
1643 4053 1856 4121 ιο73ι).
2094 4112 2099 4117 ,

715 4123 894 4196 Quod
919 4123 1232 4185 Dominus,
1253 4139 1391 4179 cum
1414 4123 1721 4177 hominem
1748 4138 1783 4179 e
1808 4138 1971 4177 novo
1994 4121 2229 4187 format,
2248 4122 2365 4178 hoc
2383 4131 2495 4181 est.
2656 4132 2845 4185 neiat,

608 4196 814 4251 omnia
835 4196 997 4265 apud
1027 4196 1193 4249 illurn
1219 4193 1503 4264 disponat
1525 4194 1856 4249 secundum
1883 4194 2175 4255 ordinem,
2193 4192 2358 4265 quod
2383 4201 2477 4248 est
2503 4192 2563 4245 in
2613 4207 2843 4247 ormam

608 4266 755 4322 caeli
783 4268 865 4335 (n.
896 4278 1046 4335 5700,
1066 4265 1224 4334 6690.
1249 4278 1408 4334 9931,
1431 4268 1645 4333 10303).

713 4334 894 4463 ῼιιοά
928 4337 1086 4393 mala
1113 4346 1178 4391 et
1207 4336 1358 4392 falsa
1391 4336 1514 4391 sint
1543 4344 1758 4390 contra
1792 4334 2085 4397 ordinem,
2108 4344 2175 4389 et
2200 4333 2367 4406 quod
2398 4348 2589 4403 usque
2614 4333 2717 4393 illi.
2740 4332 2845 4403 qui

609 4409 670 4463 in
711 4408 828 4463 ilis
865 4418 1026 4471 sunt,
1061 4422 1100 4461 a
1137 4406 1402 4462 Domino
1445 4425 1474 4462 r
1629 4416 1731 4461 tur
1766 4422 1887 4461 non
1926 4406 2259 4461 secundum
2294 4405 2587 4467 ordinem,
2624 4404 2732 4461 ted
2769 4420 2847 4459 ex

608 4480 820 4535 ordine
848 4479 930 4548 (n.
954 4478 1113 4547 4839,
1139 4478 1295 4545 7877,
1327 4478 1496 4543 10778
1525 4518 1536 4531 .
1580 4476 1820 4545 ¹0777])·

716 4548 896 4621 Quod
918 4548 1289 4619 impossibile
1307 4549 1404 4609 eit,
1423 4548 1584 4619 quod
1607 4547 1811 4610 homo,
1831 4546 1935 4618 qui
1964 4546 2023 4601 in
2052 4547 2213 4602 malo
2226 4546 2397 4607 vivit,
2420 4544 2611 4617 possit
2628 4544 2845 4601 salvari

609 4636 682 4677 ex
703 4622 834 4677 sola
854 4618 1282 4684 Misericordia,
1302 4619 1444 4692 quia
1459 4619 1574 4675 hoc
1591 4626 1687 4675 est
1700 4628 1917 4675 eontra
1938 4617 2225 4673 Divinum
2246 4616 2534 4673 Ordinem
2558 4620 2643 4687 (ιι.
2661 4616 2846 4683 8700).
