3371 5304
676 729 904 781 HOMO
935 729 1073 781 EST
1104 726 1287 779 POST
1318 726 1647 787 MORTEM
1680 725 1958 799 QUALIS
1990 724 2160 793 Ejus
2191 724 2376 775 VITA
2409 724 2606 777 FUIT.
2699 728 2823 795 293

652 894 897 984 ³469.
957 896 1252 981 Spiritus
1283 906 1359 961 et
1394 896 1626 979 angeli
1657 915 1876 979 aeque
1907 896 2310 959 memoriam
2342 893 2606 958 habent
2641 894 2822 958 sicut

564 996 920 1073 homine33
966 1002 1332 1078 permanet
1367 992 1551 1057 enim
1589 992 1773 1073 apud
1809 991 1970 1055 illos
2005 992 2326 1075 quicquid
2364 991 2677 1067 audiunt,
2717 992 2824 1053 vi-

562 1091 755 1166 dent,
796 1090 1138 1171 cogitant,
1178 1087 1445 1164 volunt,
1484 1097 1561 1151 et
1596 1086 1880 1162 faciunt,
1920 1096 1994 1150 et
2027 1106 2299 1169 quoque
2337 1106 2462 1169 per
2495 1086 2563 1150 id
2601 1107 2820 1152 exco-

564 1184 727 1249 litur
762 1182 1473 1249 continue-rationale
1509 1201 1769 1257 eorum,
1807 1191 1882 1246 et
1927 1182 2061 1245 hoc
2097 1182 2169 1245 in
2206 1190 2607 1246 aeternum:
2655 1182 2818 1246 inde

565 1288 675 1343 est
734 1279 919 1362 quod
966 1278 1247 1361 spiritus
1304 1286 1377 1341 et
1435 1276 1671 1359 angeli
1727 1274 2167 1358 perficiantur
2214 1275 2688 1359 intelligentia
2744 1288 2818 1343 et

560 1374 906 1456 sapientia
940 1392 1064 1455 per
1099 1372 1541 1454 cognitiones
1577 1372 1722 1435 veri
1765 1380 1839 1435 et
1884 1371 2050 1435 boni
2087 1389 2304 1454 aeque
2351 1390 2433 1434 ac
2479 1370 2817 1436 homines.

563 1469 770 1553 Quod
807 1469 1159 1551 spiritibus
1194 1478 1267 1531 et
1314 1467 1583 1549 angelis
1620 1467 1953 1531 memoria
1989 1467 2103 1543 sit,
2143 1466 2358 1530 etiam
2393 1485 2516 1548 per
2553 1463 2820 1548 plurem

564 1566 1065 1650 experientiam
1103 1566 1270 1628 mihi
1329 1565 1504 1629 scire
1542 1564 1783 1628 datum
1830 1573 1982 1628 est:
2053 1564 2194 1627 vidi
2236 1564 2422 1627 enim
2476 1564 2662 1646 quod
2727 1584 2818 1628 ex

562 1666 837 1730 illorum
876 1665 1209 1729 memoria
1246 1675 1706 1729 evocarentur
1740 1664 1973 1727 omnia
2009 1683 2186 1746 quae
2222 1663 2708 1745 cogitaverunt
2745 1672 2820 1727 et

566 1761 893 1835 fecerunt,
933 1768 1079 1823 tam
1124 1760 1193 1821 in
1227 1759 1601 1842 propatulo
1638 1777 1842 1843 quam
1889 1758 1956 1821 in
1995 1758 2431 1832 abscondite,
2472 1776 2628 1821 cum
2673 1757 2817 1822 sue·

558 1865 719 1919 runt
752 1873 904 1918 cum
938 1854 1089 1919 aliis
1114 1854 1505 1937 spiritibus;
1553 1864 1626 1918 et
1660 1874 1938 1937 quoque
1967 1853 2152 1935 quod
2183 1852 2305 1929 illi,
2339 1853 2453 1935 qui
2485 1853 2552 1915 in
2584 1852 2817 1935 aliquo

562 1972 726 2015 vero
760 1950 1035 2014 fuerunt
1080 1970 1171 2014 ex
1219 1950 1512 2033 simplici
1558 1950 1765 2024 bon0‚
1807 1950 2050 2014 imbuti
2089 1950 2228 2012 sint
2267 1949 2808 2031 cognitionibus»,

559 2054 631 2109 et
685 2066 807 2127 per
856 2044 1014 2108 illas
1056 2044 1541 2126 intelligentia,
1590 2054 1664 2108 et
1718 2045 1878 2109 dein
1937 2045 2006 2107 in
2067 2044 2333 2108 caelum
2382 2041 2606 2108 ενεξὶί
2653 2045 2813 2109 sint.

562 2138 701 2205 Sed
726 2139 1081 2204 sciendum
1116 2150 1223 2203 est
1250 2140 1434 2224 quod
1468 2160 1606 2204 non
1640 2139 1821 2203 ultra
1850 2140 2246 2204 imbuantur
2268 2140 2813 2227 cognitionibus,

561 2245 634 2300 et
667 2256 789 2319 per
818 2236 974 2299 illas
1012 2236 1500 2317 intelligentia,
1534 2256 1742 2319 quam
1780 2237 1867 2299 ad
1907 2237 2195 2317 gradum
2233 2233 2614 2300 affthionis
2652 2236 2814 2300 boni

561 2341 634 2397 et
680 2332 846 2408 veri,
884 2331 953 2395 in
999 2350 1133 2413 qua
1179 2332 1449 2396 suerunt
1492 2331 1559 2395 in
1607 2332 1890 2407 mundo,
1931 2350 2071 2394 non
2115 2340 2348 2395 autem
2382 2330 2565 2394 ultra
2607 2351 2811 2410 eum;

560 2426 773 2491 cuivis
816 2428 1001 2491 enim
1046 2427 1311 2507 spiritui
1364 2437 1438 2491 et
1496 2426 1750 2509 angelo
1786 2437 2023 2491 manet
2082 2422 2375 2501 affeetim
2416 2437 2680 2508 quanta
2737 2438 2810 2491 et

556 2522 777 2608 qualis
825 2522 888 2585 ei
944 2521 1163 2585 fuerat
1209 2523 1279 2584 in
1326 2522 1606 2597 mundo,
1654 2529 1727 2584 et
1774 2520 1946 2586 haec
1993 2540 2120 2603 pos
2137 2530 2254 2585 tea
2297 2520 2647 2604 perficitur
2690 2542 2812 2605 per

564 2614 1059 2700 impletionem,
1100 2618 1283 2700 quod
1322 2617 1533 2682 etiam
1572 2616 1648 2683 fit
1695 2618 1762 2680 in
1809 2628 2215 2696 aeternum;
2263 2636 2424 2681 nam
2463 2615 2630 2681 nihil
2669 2636 2808 2682 non

561 2713 830 2795 impleri
867 2723 1107 2796 potest
1144 2715 1214 2777 in
1252 2723 1633 2788 aeternum,
1660 2715 1884 2777 omnis
1915 2715 2097 2777 enim
2125 2733 2236 2779 res
2266 2713 2532 2777 infinite
2563 2715 2808 2778 variari

560 2819 825 2890 potest,
864 2811 968 2872 ita
1026 2829 1148 2892 per
1204 2810 1393 2873 varia
1438 2808 1865 2890 locupletari,
1907 2809 2190 2892 proinde
2236 2809 2676 2892 multiplicari
2733 2818 2806 2875 et

558 2901 987 2982 fructificat-h
1043 2923 1183 2968 non
1220 2903 1373 2967 finis
1408 2913 1519 2968 est
1556 2904 1675 2967 ulli
1721 2905 1816 2968 rei
1862 2905 2112 2980 bonae,
2153 2905 2310 2987 quia
2353 2914 2464 2968 est
2507 2905 2598 2968 ab
2644 2902 2806 2968 Infi-

556 2999 726 3062 nito.
816 2997 1021 3079 Quod
1060 2999 1338 3082 spiritus
1375 3008 1447 3063 et
1486 2999 1720 3081 angeli
1758 2998 2084 3063 continue
2123 2997 2559 3082 perficiantur
2595 2999 2804 3064 intel-

556 3094 840 3176 ligentia
878 3103 950 3157 et
988 3096 1329 3176 sapientia
1361 3115 1483 3176 per
1512 3095 1951 3176 cognitiones
1981 3095 2124 3159 veri
2161 3105 2234 3160 et
2269 3096 2456 3168 boni,
2490 3095 2804 3158 videatur

553 3187 623 3251 in
647 3188 971 3265 articulis»,
996 3190 1109 3252 ubi
1141 3189 1228 3253 de
1262 3187 1617 3273 Sapientia
1638 3187 2070 3272 Angelorum
2091 3188 2284 3254 Caeli
2308 3187 2403 3266 (n.
2432 3188 2681 3271 265-27
2691 3186 2758 3272 5)
2783 3210 2802 3268 ;

552 3283 639 3346 de
706 3281 1047 3348 Gentibus
1109 3293 1182 3348 et
1250 3284 1523 3366 Populis
1582 3294 1789 3349 extra
1845 3283 2234 3348 Ecclesiam
2301 3285 2368 3348 in
2438 3283 2654 3349 Caelo
2701 3282 2800 3366 (n.

554 3376 877 3461 318-328)
909 3399 926 3458 ;
987 3379 1210 3462 deque
1248 3379 1632 3444 Infantibus
1670 3381 1740 3444 in
1780 3379 1994 3444 Caelo
2035 3377 2130 3462 (n.
2182 3378 2528 3461 329-345),
2570 3377 2800 3444 actum

550 3483 685 3547 est,
710 3482 785 3537 et
816 3474 947 3537 hoc
981 3474 1163 3557 quod
1194 3473 1284 3538 ad
1316 3473 1609 3556 gradum
1640 3472 2020 3539 affectionis
2051 3474 2215 3539 boni
2250 3483 2324 3538 et
2361 3475 2526 3552 veri,
2555 3475 2628 3538 in
2663 3495 2800 3557 qua

551 3566 822 3632 suerunt
859 3568 928 3631 in
966 3569 1246 3646 mundo,
1286 3579 1359 3633 et
1398 3589 1537 3632 non
1576 3569 1758 3634 ultra
1792 3569 1984 3633 illum
2026 3567 2122 3652 (n.
2163 3569 2340 3654 349).

1514 4039 1836 4126 [XL1x.]

554 4225 783 4310 Quoi)
854 4227 1095 4293 Hono
1162 4241 1281 4293 srr
1347 4238 1531 4293 ros-r
1599 4228 1968 4305 MORTEM,
2017 4242 2294 4307 QuAms
2360 4243 2534 4310 Esus
2586 4229 2791 4295 Vri-A

1332 4335 1513 4389 run·
1556 4337 1643 4388 m
1687 4323 2000 4389 ΜυΝῡο.

669 4519 873 4591 470.
932 4505 1137 4590 Quod
1174 4507 1321 4572 vita
1356 4509 1878 4591 unumquemvis
1923 4528 2044 4573 sua
2079 4519 2360 4574 maneat
2395 4517 2560 4593 post
2601 4527 2786 4574 mor-

546 4611 713 4680 tem,
740 4613 983 4668 notum
1015 4613 1125 4668 est
1162 4605 1375 4668 cuivis
1401 4603 1795 4668 Christiano
1830 4624 1921 4667 ex
1956 4602 2234 4684 Verbo;
2281 4623 2440 4669 nam
2479 4605 2572 4670 ibi
2607 4605 2784 4670 mul-

544 4699 637 4762 tis
680 4700 748 4763 in
796 4698 968 4763 locis
1007 4699 1275 4776 dicitur,
1314 4700 1497 4782 quod
1546 4700 1759 4764 homo
1803 4699 2185 4765 secundum
2229 4699 2408 4765 sacta
2453 4711 2526 4765 et
2572 4721 2785 4783 opera
