3371 5304
619 657 724 708 DE
755 657 1086 708 MALITIA
1118 657 1215 708 ET
1247 657 1574 709 ARTIBUS
1605 657 2016 710 SPIRITUUM
2050 657 2613 710 INFERNALIUM.
2678 661 2795 728 371

561 837 744 902 sunt,
785 825 1148 909 conjuncta
1191 848 1462 912 quoque
1510 847 1664 892 cum
1711 837 2121 910 contemptu
2162 827 2475 906 aliorum,
2514 829 2802 894 inimici-

559 925 682 1000 tia,
713 925 1043 999 irrisione,
1076 925 1636 999 subsannatione,
1659 923 2283 1005 blasphematione,
2318 945 2492 1006 quae
2530 945 2801 1008 quoque

557 1031 922 1102 erumpunt
957 1020 1026 1084 in
1065 1019 1548 1084 dilaniationes
1577 1019 1745 1083 varii
1776 1020 2051 1102 generis
2078 1040 2094 1098 ;
2142 1020 2425 1102 quisque
2456 1021 2639 1084 enim
2676 1039 2803 1102 pro

557 1133 682 1178 suo
718 1115 896 1180 falso
933 1125 1218 1200 pugnat,
1259 1125 1332 1178 et
1376 1115 1546 1179 dicit
1584 1134 1843 1179 verum.
1934 1114 2090 1179 Hae
2127 1115 2669 1196 disceptationes
2726 1125 2799 1180 et

558 1229 832 1292 pugnae
877 1221 1084 1274 extra
1136 1209 1260 1273 illa
1303 1209 1564 1274 inferna
1607 1209 1980 1274 audiuntur
2026 1210 2205 1273 sicut
2250 1209 2583 1273 stridores
2628 1209 2801 1274 den·

556 1306 730 1370 tium
757 1325 772 1368 :
823 1315 895 1370 et
926 1325 1198 1388 quoque
1233 1307 1303 1370 in
1341 1305 1672 1369 stridores
1705 1305 2017 1368 dentium
2049 1313 2414 1370 vertuntur
2444 1323 2595 1367 cum
2636 1324 2801 1370 vera

555 1421 596 1465 e
639 1399 836 1466 caelo
873 1401 1035 1464 illuc
1083 1401 1392 1464 influunt.
1482 1399 1562 1464 In
1609 1401 1691 1463 iis
1734 1399 2015 1464 infernis
2053 1409 2213 1463 sunt
2252 1419 2495 1463 omnes
2538 1399 2637 1462 illi
2682 1400 2798 1481 qui

555 1505 988 1577 agnoverunt
1025 1507 1342 1558 naturam
1390 1503 1463 1558 et
1511 1504 1941 1576 negaverunt
1988 1494 2352 1572 Divinum3
2408 1495 2477 1556 in
2523 1493 2800 1576 prosun-

555 1591 858 1654 dioribus
885 1591 978 1655 ibi
1007 1592 1120 1673 qui
1159 1611 1234 1654 se
1271 1591 1340 1653 in
1377 1609 1464 1654 eo
1493 1587 2000 1654 confirmarunt.
2093 1588 2201 1652 Illi
2234 1589 2391 1670 quia
2423 1587 2589 1651 nihil
2628 1587 2799 1652 lucis

556 1709 597 1750 e
629 1686 828 1752 caelo
866 1695 1155 1768 possunt
1193 1687 1520 1766 recipere,
1561 1695 1635 1748 et
1681 1685 1843 1750 inde
1880 1683 2048 1748 nihil
2079 1685 2315 1748 videre
2352 1685 2537 1748 intus
2582 1684 2651 1746 in
2698 1704 2794 1758 se,

553 1783 713 1846 ideo
757 1781 1063 1864 plerique
1109 1779 1462 1844 sensuales
1505 1780 1821 1862 corporei
1865 1789 2047 1855 sunt,
2096 1781 2207 1862 qui
2254 1789 2416 1843 sunt
2468 1779 2583 1862 qui
2630 1778 2799 1842 nihil

555 1878 843 1942 credunt
869 1896 1072 1958 quam
1094 1877 1277 1959 quod
1300 1875 1518 1940 oculis
1541 1876 1781 1938 vident
1806 1884 1880 1938 et
1906 1876 2222 1940 manibus
2247 1883 2547 1956 tangunt
2574 1895 2589 1936 :
2637 1874 2797 1938 inde

553 1991 796 2036 omnes
832 1971 1147 2036 fallaciae
1185 1991 1508 2036 sensuum
1565 1971 1703 2036 illis
1748 1980 1910 2035 sunt
1946 1991 2129 2045 vera,
2164 1991 2257 2034 ex
2304 1971 2547 2052 quibus
2585 1969 2797 2032 etiam

553 2069 974 2150 disceptant.
1062 2066 1177 2130 Ex
1213 2087 1302 2130 eo
1335 2078 1466 2143 est,
1503 2069 1687 2151 quod
1718 2068 2267 2150 disceptationes
2298 2065 2577 2132 illorum
2602 2065 2796 2131 audi-

551 2173 756 2228 antur
793 2164 970 2228 sicut
1003 2163 1340 2228 stridores
1371 2164 1727 2242 dentium;
1776 2183 1933 2228 nam
1966 2165 2199 2228 omnia
2228 2163 2401 2228 salsa
2438 2163 2507 2226 in
2538 2163 2797 2228 mundo

550 2253 886 2340 spirituali
923 2259 1242 2333 strident,
1281 2269 1355 2324 et
1393 2260 1643 2323 dentes
1680 2260 2228 2342 correspondent
2266 2258 2527 2322 ultimis
2564 2261 2633 2322 in
2672 2279 2794 2325 na·

549 2364 728 2428 tura,
753 2364 826 2418 et
859 2373 1126 2436 quoque
1152 2354 1410 2418 ultimis
1441 2355 1622 2435 apud
1655 2353 2029 2430 hominem,
2056 2375 2233 2437 quae
2264 2365 2425 2418 sunt
2448 2353 2796 2418 sensualia

550 2445 982 2530 corporeaffl)
1075 2447 1312 2530 (Quod
1355 2451 1420 2514 in
1460 2450 1739 2514 infernis
1771 2451 1862 2514 sit
1898 2451 2154 2514 stridor
2182 2449 2519 2525 dentium,
2554 2450 2793 2514 videa-

550 2553 682 2618 tur,
725 2543 978 2608 Mattlt.
1015 2545 1150 2608 viii.
1199 2561 1314 2622 123
1359 2565 1516 2626 cap.
1555 2545 1697 2608 xiii.
1733 2560 1841 2623 42,
1886 2558 2010 2626 503
2058 2564 2207 2628 cap.
2248 2543 2421 2608 xxii.
2468 2560 2588 2625 133
2636 2563 2786 2628 cap.

548 2640 743 2703 xxiv.
787 2651 906 2721 513
951 2659 1103 2723 cap.
1139 2661 1310 2703 xxv.
1352 2655 1468 2721 30:
1515 2637 1670 2705 Luc.
1710 2639 1855 2706 xiii.
1893 2637 2029 2724 28.)

1554 3154 1735 3241 [Lx.
1742 3152 1771 3239 J

549 3338 664 3403 DE
709 3338 1055 3406 MALITIA
1099 3356 1198 3406 ET
1243 3340 1588 3406 Ani-mus
1626 3354 2019 3406 NEFANms
2056 3339 2481 3407 smmi-uum
2515 3354 2784 3407 mma·

1499 3450 1827 3501 mimum.

668 3622 868 3705 576.
929 3620 1172 3704 Qualis
1205 3620 1628 3686 excellentia
1652 3622 2009 3703 spirituum
2042 3630 2150 3687 est
2184 3642 2346 3705 prae
2368 3621 2782 3699 hominibuS,

544 3716 825 3799 quisque
863 3719 973 3800 qui
1013 3718 1296 3781 interius
1333 3718 1624 3799 cogitat,
1659 3726 1731 3781 et
1766 3717 2020 3800 aliquid
2058 3718 2145 3781 de
2183 3718 2586 3799 operatione
2622 3736 2785 3781 suae

545 3812 796 3875 mentis
823 3812 1036 3885 novit,
1065 3812 1297 3876 videre
1329 3823 1399 3876 et
1434 3812 2016 3895 comprehendere
2042 3822 2313 3894 potest:
2361 3810 2572 3875 homo
2602 3812 2784 3875 enim

545 3916 778 3971 mente
825 3926 948 3971 sua
992 3905 1186 3991 plura
1230 3908 1410 3971 intra
1447 3909 1784 3971 minutum
1824 3916 2061 3991 potest
2099 3926 2399 3983 versare,
2436 3906 2781 3983 evolvere,

1317 4120 1415 4171 [(ικ
1441 4130 1634 4161 ΑιεΛκιε
1658 4120 2009 4173 camma]

654 4220 754 4289 (II)
807 4220 898 4275 De
925 4218 1472 4293 correspondentia
1497 4222 1770 4275 dentium
1802 4224 1882 4291 (n.
1912 4218 2270 4307 5565-5568).

647 4290 826 4363 Quod
869 4290 950 4345 illi
989 4292 1504 4361 correspondeant
1534 4292 1819 4348 dentibus
1855 4310 1959 4363 qui
1999 4306 2162 4348 mere
2192 4290 2501 4347 sensuales
2529 4298 2690 4354 sunt,
2718 4296 2783 4345 et

541 4360 642 4417 vix
669 4362 892 4432 aliquid
919 4361 1072 4419 lucis
1095 4362 1419 4447 spiritualis
1446 4364 1671 4418 habent
1698 4366 1780 4432 (n.
1808 4363 1989 4433 5565).

649 4430 830 4504 Quod
856 4434 1056 4489 “dens
1075 4434 1106 4453 ”
1139 4450 1196 4488 in
1231 4433 1434 4489 Verbo
1461 4433 1765 4507 significet
1799 4434 2077 4490 sensuale
2112 4433 2277 4505 quod
2313 4432 2590 4489 ultimum
2622 4432 2783 4491 vitae

535 4498 806 4561 hominis
834 4506 916 4573 (n.
941 4518 1096 4573 9052,
1117 4504 1301 4573 9062).

649 4572 829 4647 Quod
857 4574 1078 4629 stridor
1096 4575 1368 4630 dentium
1397 4574 1456 4629 in
1481 4574 1670 4631 altera
1693 4574 1820 4630 vita
1844 4574 1924 4630 sit
1954 4590 2028 4631 ex
2060 4574 2175 4631 illis
2200 4574 2303 4645 qui
2329 4574 2583 4629 credunt
2606 4582 2783 4629 natu-

543 4656 668 4700 ram
695 4660 830 4701 esse
853 4660 1050 4709 omne,
1077 4660 1148 4701 ac
1176 4645 1462 4705 Divinum
1491 4646 1642 4701 nihil
1667 4648 1751 4716 (n.
1780 4658 1809 4716 5
1817 4646 1961 4716 568).
