3371 5304
587 617 812 672 nouo
854 617 1042 670 rosi·
1079 615 1410 671 nonum
1447 618 1584 672 ts‘r
1622 619 1901 686 ouans
1938 621 2109 690 mus
2145 623 2331 674 vrrA
2370 625 2567 676 Furr.
2662 629 2781 696 305

531 789 624 854 ali
668 799 854 866 sunt,
903 799 980 855 et
1039 791 1220 876 quod
1269 790 1482 856 modo
1525 791 1617 857 sit
1677 793 1989 870 scientia,
2039 803 2157 859 aut
2204 796 2554 878 persuasio
2601 797 2783 880 quod

531 905 768 950 verum
805 888 920 962 sit,
961 889 1120 970 quia
1172 888 1383 952 servit
1443 889 1659 953 amori
1720 909 1863 954 suo.
1953 889 2261 968 Adducti
2307 911 2577 976 quoque
2621 903 2783 957 sunt

531 980 764 1064 plures
793 1003 886 1046 ex
933 981 1069 1046 illis
1113 984 1228 1066 qui
1275 993 1805 1050 autumaverunt
1850 1005 1927 1050 se
1964 987 2031 1050 in
2072 985 2203 1050 fide
2240 987 2467 1062 fuisse,
2502 989 2587 1052 ad
2626 987 2784 1052 illos

530 1077 643 1160 qui
701 1077 770 1140 in
824 1075 1000 1156 fide3
1064 1088 1137 1143 et
1197 1089 1360 1144 tunc
1416 1079 1586 1143 data
1630 1082 2256 1146 communicatione
2303 1093 2782 1165 perceperunt,

529 1173 712 1256 quod
746 1193 1020 1257 prorsus
1054 1173 1242 1237 nulla
1274 1173 1408 1238 illis
1440 1173 1610 1238 fides
1642 1177 1735 1239 sit
1763 1195 1778 1238 ε
1828 1175 2123 1241 confessi
2156 1177 2366 1241 etiam
2401 1187 2559 1243 sunt
2587 1188 2781 1261 post·

529 1287 632 1342 ea,
673 1269 858 1353 quod
906 1268 1128 1333 solum
1174 1270 1456 1336 credere
1503 1288 1739 1334 verum
1786 1290 1865 1334 ac
1906 1270 2215 1336 Verbum
2264 1292 2402 1336 non
2450 1275 2540 1338 sit
2588 1272 2777 1350 fides,

528 1362 651 1426 sed
689 1383 923 1428 amare
960 1382 1195 1428 verum
1237 1385 1325 1428 ex
1366 1385 1599 1430 amore
1637 1366 1954 1442 caelesti,
1996 1387 2075 1430 ac
2123 1367 2190 1430 id
2229 1367 2408 1432 velle
2447 1378 2518 1433 et
2556 1369 2780 1433 facere

527 1479 618 1523 ex
667 1457 1028 1524 affectione
1076 1461 1423 1525 interiore.
1525 1459 1906 1526 Ostensum
1954 1464 2166 1526 etiam
2214 1474 2345 1540 est,
2396 1465 2577 1548 quod
2624 1486 2778 1549 per-

526 1554 754 1618 suasio
788 1554 1080 1630 illorum‚
1111 1577 1314 1639 quam
1348 1557 1675 1621 dixerunt
1714 1557 1940 1634 fidem,
1975 1567 2163 1622 esset
2202 1560 2411 1623 modo
2434 1561 2620 1623 sicut
2658 1560 2779 1624 lux

526 1650 808 1730 hiemis;
871 1652 939 1714 in
986 1672 1120 1733 qua
1159 1654 1315 1736 quia
1353 1672 1491 1716 non
1546 1661 1655 1717 est
1704 1653 1913 1730 calor,
1956 1655 2023 1718 in
2084 1655 2285 1718 terris
2331 1657 2563 1718 omnia
2612 1675 2777 1720 con·

523 1744 765 1810 stricta
797 1745 958 1828 gelu
979 1757 1408 1828 torpescunt,
1437 1757 1508 1812 et
1543 1748 1671 1811 sub
1704 1750 1859 1812 nive
1884 1747 2119 1831 jacent
2146 1772 2161 1830 ;
2208 1759 2626 1833 quapropter
2656 1749 2777 1816 lux

525 1839 681 1905 fidei
720 1843 1156 1925 persuasivae
1192 1843 1374 1923 apud
1413 1842 1592 1919 illos,
1633 1853 1710 1908 ut
1759 1845 2046 1926 primurn
2088 1846 2449 1926 stringitur
2493 1866 2533 1908 a
2571 1846 2776 1909 radiis

526 1937 694 2001 lucis
751 1937 946 2012 caeli,
997 1956 1134 2001 non
1195 1938 1405 2002 modo
1464 1939 1954 2021 exstinguitur,
2006 1941 2129 2003 sed
2191 1941 2399 2004 etiam
2462 1939 2537 2004 fit
2599 1942 2775 2005 sicut

524 2035 742 2098 densa
779 2031 1029 2116 calig0,
1070 2034 1137 2096 in
1185 2053 1318 2116 qua
1358 2052 1562 2098 nemo
1609 2053 1683 2098 se
1729 2033 1966 2113 videt3
2020 2044 2092 2100 et
2141 2045 2304 2100 tunc
2344 2035 2547 2099 simul
2594 2037 2771 2100 inte-

523 2129 700 2194 riora
743 2129 844 2193 ita
889 2128 1496 2203 obtenebrescunt,
1547 2139 1622 2192 ut
1681 2149 1959 2212 prorsus
2004 2131 2173 2194 nihil
2220 2130 2643 2214 intelligant,
2693 2153 2771 2196 ac

522 2225 799 2288 demum
839 2225 1185 2288 insaniant
1233 2245 1324 2288 ex
1369 2223 1578 2288 falsis.
1669 2222 2113 2308 Quapropter
2149 2227 2331 2308 apud
2372 2225 2548 2290 tales
2586 2227 2772 2292 aufe·

521 2330 762 2384 runtur
794 2321 1025 2384 omnia
1055 2341 1239 2394 vera,
1267 2340 1440 2403 quae
1475 2341 1565 2384 ex
1599 2319 1837 2386 Verbo
1871 2329 1943 2386 et
1976 2343 2067 2386 ex
2101 2317 2411 2386 doctrina
2436 2322 2772 2388 ecclesiae

519 2417 891 2492 sciverunt,
933 2424 1004 2478 et
1039 2416 1366 2479 dixerunt
1404 2435 1556 2480 esse
1596 2435 1759 2482 suae
1797 2415 1977 2492 fidei,
2019 2425 2091 2480 et
2139 2416 2296 2480 loco
2335 2417 2606 2481 illorum
2645 2419 2770 2481 im-

520 2512 818 2576 buuntur
841 2511 1029 2574 omni
1061 2509 1236 2574 falso
1261 2510 1444 2594 quod
1476 2511 1855 2576 concordat
1891 2531 2043 2575 cum
2070 2512 2257 2575 malo
2282 2513 2467 2576 vitae
2494 2533 2725 2577 eorum
2753 2535 2768 2590 ;

520 2607 988 2671 immittuntur
1033 2606 1216 2670 enim
1255 2624 1498 2669 omnes
1543 2595 1933 2671 in'amores
1972 2627 2155 2684 suOS,
2198 2616 2269 2671 et
2318 2627 2471 2671 cum
2521 2606 2656 2671 illis
2702 2608 2769 2672 in

518 2700 692 2767 salsa
744 2700 1281 2766 concordantia:
1353 2710 1425 2765 et
1493 2710 1656 2765 tunc
1698 2720 1882 2779 vera,
1932 2702 2088 2784 quia
2146 2711 2537 2785 repugnant
2582 2702 2769 2766 falsis

520 2797 706 2870 mali,
753 2796 822 2859 in
883 2796 1126 2880 quibus
1173 2805 1357 2870 sunt,
1407 2794 1570 2859 odio
1615 2794 1879 2860 habent
1925 2816 2004 2859 ac
2066 2806 2495 2871 aversantur,
2544 2806 2615 2860 et
2672 2798 2766 2861 sic

517 2892 851 2975 rejiciunt.
945 2890 1102 2955 Hoc
1160 2890 1403 2955 testari
1451 2910 1731 2972 possum
1794 2912 1885 2955 ex
1946 2892 2131 2956 omni
2192 2892 2623 2974 experientia
2682 2893 2767 2955 de

515 2988 717 3052 rebus
763 2985 938 3050 caeli
985 2995 1054 3050 et
1101 2984 1366 3061 inferni,
1409 2985 1592 3069 quod
1641 2986 1753 3069 qui
1799 2984 2021 3049 solam
2069 2984 2271 3050 fidem
2320 3008 2409 3051 ex
2458 2984 2768 3051 doctrina

515 3082 675 3147 fassi
713 3092 897 3157 sunt,
937 3090 1010 3146 et
1067 3081 1137 3143 in
1184 3079 1369 3145 malo
1409 3080 1632 3164 quoad
1671 3082 1888 3144 vitam
1926 3080 2218 3155 fuerunt,
2260 3102 2500 3145 omnes
2537 3084 2604 3145 in
2664 3082 2763 3145 in-

513 3177 706 3241 ferno
745 3178 928 3254 sint;
978 3176 1117 3239 vidi
1155 3170 1506 3256 conjectos
1546 3173 1708 3239 illuc
1750 3177 1834 3239 ad
1884 3175 2079 3259 plura
2118 3174 2353 3251 millia,
2398 3176 2483 3239 de
2523 3177 2766 3259 quibus

514 3273 582 3335 in
622 3272 956 3355 opusculo
994 3270 1096 3333 De
1141 3268 1386 3335 Ultimo
1411 3268 1687 3343 Judicio
1721 3280 1788 3333 et
1821 3270 2193 3352 Babylonia
2230 3270 2591 3334 destrub'la.

645 3366 848 3451 483.
899 3364 1090 3451 [(ν.)]
1137 3363 1333 3444 Quod
1347 3386 1542 3427 amor
1565 3366 1719 3427 αέῗιι
1742 3365 1839 3428 sit
1858 3366 1979 3448 qui
1994 3375 2278 3441 maneat,
2302 3366 2404 3429 ita
2427 3366 2607 3448 quod
2621 3366 2765 3430 vita

513 3462 820 3536 hominis,
855 3462 1165 3545 sequitur
1198 3470 1273 3523 ut
1312 3460 1715 3524 conclusum
1756 3481 1846 3524 ex
1886 3461 2022 3524 illis
2057 3481 2233 3542 quae
2270 3462 2360 3525 ab
2397 3462 2763 3544 experien-

513 3559 612 3623 tia
645 3577 822 3621 nunc
857 3565 1143 3620 ostensa
1177 3563 1361 3630 sunt,
1397 3566 1469 3619 et
1515 3576 1606 3619 ex
1653 3554 1787 3619 illis
1827 3576 2000 3639 quae
2046 3558 2134 3619 de
2178 3554 2375 3619 factis
2422 3566 2493 3621 et
2540 3558 2761 3638 operi-

511 3655 638 3717 bus
675 3672 884 3735 supra
919 3648 1146 3730 dic'ta3
1195 3671 1387 3715 amor
1423 3646 1581 3715 actu
1619 3659 1727 3715 est
1766 3671 1939 3734 opus
1977 3662 2047 3715 et
2084 3647 2361 3716 factum.

639 3746 846 3831 484.
907 3745 1276 3811 Sciendum
1325 3755 1455 3821 est,
1504 3746 1687 3828 quod
1735 3746 1969 3810 omnia
2013 3766 2222 3828 opera
2267 3756 2339 3809 et
2392 3744 2575 3810 facta
2618 3747 2761 3811 sint

511 3846 698 3909 vitae
739 3842 1018 3907 moralis
1057 3853 1128 3907 et
1165 3840 1404 3917 civilis,
1441 3850 1512 3905 et
1551 3841 1711 3905 inde
1745 3841 1926 3925 quod
1960 3838 2279 3925 spectent
2313 3841 2646 3905 sincerum
2688 3850 2758 3906 et
2866 3909 2873 3917 ,

511 3936 792 4011 rectum,
824 3948 970 4001 tum
998 3936 1255 4018 justum
1290 3946 1362 4000 et
1401 3955 1717 4019 aequum.
1807 3934 2160 4001 Sincerum
2195 3946 2267 4001 et
2306 3934 2567 4001 rectum
2604 3946 2761 4001 sunt

509 4036 696 4097 vitae
756 4033 1058 4107 moralis,
1107 4052 1187 4096 ac
1233 4030 1502 4114 'justum
1564 4043 1638 4096 et
1704 4051 1998 4115 aequum
2054 4041 2216 4096 sunt
2277 4032 2463 4097 vitae
2521 4032 2757 4096 civilis,

512 4128 733 4193 Amor
771 4150 860 4193 ex
907 4148 1042 4213 quo
1081 4126 1274 4201 fiunt,
1308 4137 1416 4192 est
1455 4126 1566 4191 vel
1607 4126 1932 4191 caelestis
1963 4127 2073 4190 vel
2114 4127 2502 4192 infernalis:
2552 4144 2775 4209 opera·

508 4234 581 4287 et
618 4222 800 4287 facta
832 4224 1014 4287 vitae
1047 4223 1326 4287 moralis
1365 4230 1437 4287 et
1485 4222 1704 4286 civilis
1737 4221 2073 4287 caelestia
2096 4232 2279 4300 sunt,
2315 4222 2371 4286 si
2404 4244 2493 4287 ex
2528 4242 2759 4286 amore

509 4319 794 4383 caelesti
835 4316 1046 4396 flunt;
1095 4337 1254 4382 nam
1292 4338 1467 4401 quae
1504 4338 1596 4382 ex
1635 4335 1871 4383 amore
1908 4317 2194 4382 caelesti
2241 4317 2434 4394 fiunt,
2472 4339 2565 4382 ex
2613 4316 2757 4382 Do·

511 4416 697 4479 mino
729 4414 920 4489 fiunt,
959 4424 1027 4479 et
1059 4434 1231 4498 quae
1267 4434 1355 4477 ex
1391 4412 1695 4477 Domino
1726 4412 1920 4489 fiunt,
1955 4415 2185 4477 omnia
2216 4414 2400 4477 bona
2434 4423 2592 4477 sunt
2619 4434 2635 4491 ;
2683 4422 2756 4477 at

509 4506 690 4573 facta
724 4519 797 4572 et
839 4528 1046 4591 opera
1077 4510 1264 4573 vitae
1295 4507 1574 4572 moralis
1605 4516 1678 4571 et
1718 4505 1939 4571 civilis
1971 4506 2325 4571 infernalia
2357 4518 2538 4583 sunt,
2573 4508 2630 4571 si
2666 4527 2757 4570 ex

511 4622 741 4666 amore
775 4602 1084 4667 infernali
1122 4601 1314 4677 fiunt,
1349 4620 1508 4666 nam
1547 4602 1660 4686 qui
1700 4622 1791 4667 ex
1828 4602 1959 4668 hoc
1992 4622 2245 4680 amore,
2280 4604 2392 4687 qui
2424 4611 2532 4667 est
2570 4621 2759 4665 amor
