3371 5304
541 586 660 653 168
1180 595 1284 647 DE
1329 593 1584 648 CAELO
1637 597 1737 650 ΕΤ
1774 596 2140 652 INFERNO.

531 771 774 840 Statue
809 772 1000 857 pacis
1036 771 1246 840 etiam
1283 771 1695 856 intelligitur
1726 771 1798 838 in
1842 771 2083 842 Verbo
2118 792 2242 858 per

629 899 791 968 Quod
814 898 1063 966 Jehovah
1085 899 1280 950 dicitur
1297 899 1601 950 “odoratus
1623 900 1851 950 odorem
1875 897 2117 964 quietis”
2132 899 2215 963 (ut
2235 897 2405 952 Exod.
2428 903 2573 953 xxix.
2600 903 2676 960 18,
2700 913 2783 966 25.

789 977 894 1026 41:
930 965 1100 1020 Levit.
1127 965 1162 1016 i.
1185 981 1236 1030 9.
1267 977 1346 1027 13,
1379 977 1472 1028 17;
1505 980 1627 1030 cap.
1653 966 1707 1020 ii.
1737 977 1784 1026 a.
1812 980 1883 1030 92
1914 980 2029 1030 cap.
2055 967 2125 1020 vi.
2156 967 2202 1024 Β,
2234 979 2332 1028 143
2367 981 2485 1031 cap.
2514 968 2663 1021 xxiii,
2696 981 2775 1028 12.

796 1043 874 1092 13,
903 1032 994 1082 18:
1029 1033 1200 1082 Num.
1227 1046 1320 1084 xv.
1345 1045 1390 1093 3,
1423 1041 1469 1092 7,
1497 1044 1557 1098 13
1577 1047 1594 1092 ;
1627 1045 1745 1096 cap.
1772 1031 1958 1083 xxviii.
1986 1031 2034 1095 6,
2060 1031 2106 1092 8,
2139 1044 2232 1096 13;
2260 1047 2377 1097 cap.
2406 1033 2550 1087 xxix.
2581 1045 2628 1094 2.
2655 1035 2704 1094 6,
2734 1035 2782 1094 ,8,

797 1109 874 1160 13,
900 1097 1016 1160 36);

531 1248 653 1312 per
679 1229 1024 1294 “odorem
1056 1227 1354 1312 quietis”
1379 1229 1446 1294 in
1479 1248 1687 1294 sensu
1714 1226 2003 1295 caelesti
2035 1228 2463 1314 significatur
2494 1251 2778 1316 percep·

528 1325 630 1391 tio
689 1321 976 1408 pacis.(1‘)
1078 1322 1422 1408 Quoniam
1486 1323 1734 1407 “pax''
1786 1323 2131 1406 significat
2189 1324 2512 1390 unionem
2570 1326 2782 1409 ipsius

531 1421 760 1484 Divini
817 1439 898 1486 ac
961 1417 1190 1486 Divini
1237 1417 1542 1484 Humani
1600 1419 1668 1482 in
1726 1417 2049 1498 Domine,
2094 1438 2177 1484 ac
2231 1417 2781 1501 conjunctionem

531 1515 808 1580 Domini
856 1535 1011 1580 cum
1058 1513 1255 1579 eaelo
1312 1523 1384 1578 et
1443 1533 1599 1578 cum
1645 1513 1961 1590 ecclesia,
2003 1533 2083 1578 ac
2145 1532 2298 1579 cum
2336 1516 2653 1580 omnibus
2711 1516 2777 1582 in

527 1611 722 1677 caelo
774 1619 846 1675 et
891 1631 1163 1695 quoque
1207 1610 1275 1674 in
1321 1609 1616 1675 ecclesia
1661 1609 1774 1693 qui
1817 1610 2155 1692 recipiunt
2202 1609 2461 1692 Ipsum,
2508 1611 2667 1676 ideo
2710 1613 2779 1676 in

527 1708 1077 1773 recordationem
1121 1725 1358 1770 eorum
1403 1704 1787 1770 Sabbatum
1833 1706 2225 1770 institutum
2262 1713 2393 1780 est,
2431 1725 2513 1770 ac
2558 1706 2779 1770 nomi·

528 1812 766 1869 natum
798 1823 840 1868 a
870 1802 1082 1887 quiete
1098 1822 1218 1866 seu
1239 1809 1426 1882 pace,
1449 1819 1530 1865 ac
1555 1798 2059 1866 sanctissimum
2086 1798 2447 1864 Ecclesiae
2473 1799 2779 1883 Reprae-

527 1899 951 1964 sentativum
989 1897 1154 1978 fuit;
1200 1915 1280 1960 ac
1319 1896 1478 1962 ideo
1517 1895 1856 1960 Dominus
1894 1893 1985 1962 Se
2022 1895 2299 1960 vocavit
2341 1895 2773 1962 “Dominum

527 1993 816 2060 Sabbati
833 1993 866 2020 ”

1017 2095 1235 2160 (Masta.
1263 2097 1354 2148 xii.
1378 2097 1444 2158 ὃς
1479 2097 1651 2148 Mam.
1675 2097 1733 2151 ii.
1762 2107 1841 2158 27·
1868 2097 1967 2158 283
2000 2096 2129 2150 Luc.
2153 2097 2227 2150 vl.
2253 2091 2383 2162 5).(u)

614 2225 845 2295 288.
897 2228 1046 2292 Pax
1084 2226 1280 2302 caeli,
1328 2226 1486 2310 quia
1531 2236 1641 2293 est
1689 2225 2013 2292 Divinum
2058 2227 2491 2294 beatitudine
2536 2228 2777 2294 intime

527 2322 835 2392 afficiens
880 2323 1102 2406 ipsum
1147 2323 1404 2388 bonum
1450 2320 1634 2405 quod
1680 2321 1863 2404 apud
1908 2321 2221 2404 angelos,
2264 2343 2405 2387 non
2450 2326 2642 2390 venit
2688 2325 2776 2388 ad

527 2418 964 2485 manifestam
995 2438 1232 2483 eorum
1266 2417 1805 2500 perceptionem,
1842 2417 1969 2480 nisi
2006 2437 2208 2502 quam
2244 2437 2364 2500 per
2387 2417 2775 2500 jucundita-

525 2524 669 2579 tem
707 2515 932 2578 cordis
965 2533 1120 2580 cum
1157 2514 1225 2577 in
1263 2513 1451 2577 bono
1483 2532 1648 2576 suae
1685 2513 1874 2576 vitae
1910 2522 2093 2588 sunt,
2128 2521 2201 2576 et
2240 2534 2362 2597 per
2392 2517 2775 2580 amoenita-

527 2620 673 2676 tem
731 2628 887 2675 cum
945 2609 1232 2675 audiunt
1289 2625 1524 2673 verum
1579 2607 2012 2672 concordans
2068 2608 2256 2674 bono
2314 2630 2461 2688 suo,
2517 2629 2597 2676 ac
2658 2630 2779 2695 per

525 2706 945 2771 hilaritatem
991 2705 1247 2770 mentis
1291 2723 1446 2769 cum
1492 2704 1875 2787 percipiunt
1915 2701 2467 2786 conjunctionem
2498 2726 2774 2786 eorum3

525 2801 686 2865 inde
716 2811 952 2865 tamen
985 2799 1201 2864 influit
1239 2799 1306 2863 in
1340 2799 1574 2864 omnia
1605 2799 1797 2885 vitae
1834 2797 2105 2863 illorum
2138 2798 2293 2863 acta
2324 2810 2399 2865 et
2434 2801 2773 2884 cogitata,

525 2904 599 2960 et
636 2895 729 2959 ibi
765 2896 951 2961 sistit
989 2916 1065 2960 se
1103 2906 1179 2960 ut
1216 2895 1565 2978 gaudium,
1604 2894 1817 2959 etiam
1855 2895 1930 2959 in
1970 2902 2264 2957 externa
2300 2896 2548 2979 specie.
2637 2894 2774 2961 Sed

525 3010 668 3072 pax
703 2989 930 3073 quoad
968 3010 1164 3054 suum
1202 2988 1403 3073 quale
1439 2998 1514 3055 et
1549 2998 1881 3071 quantum
1918 2988 2147 3054 differt
2176 2990 2245 3052 in
2284 2990 2495 3055 caelis
2526 3010 2775 3055 secun-

525 3086 689 3149 dum
713 3086 1182 3150 innocentiam
1206 3104 1444 3149 eorum
1468 3085 1583 3168 qui
1610 3083 1727 3160 ibi,
1754 3084 2077 3167 quoniam
2103 3084 2506 3151 innocentia
2526 3094 2601 3151 et
2632 3106 2775 3169 pax

525 3180 672 3265 pari
703 3200 912 3265 passu
933 3180 1334 3260 ambulant;
1381 3198 1541 3243 nam
1571 3190 1651 3244 ut
1687 3198 1893 3263 supra
1921 3176 2182 3243 dietum
2214 3189 2345 3257 est,
2378 3182 2776 3246 innocentia

1324 3398 1979 3452 (amemur-mn.)

636 3508 662 3575 (
711 3504 736 3575 )
788 3499 969 3577 Quod
995 3510 1030 3534 ⁶·
1045 3502 1201 3559 odor
1217 3501 1250 3525 ”
1275 3500 1336 3557 in
1366 3501 1571 3587 Verbo
1588 3500 1889 3627 signis-icet
1919 3514 2095 3571 perce
2130 3499 2331 3585 ’ti-vum
2360 3499 2517 3570 grati
2546 3500 2645 3555 vel
2685 3498 2773 3553 in.

523 3587 658 3651 grat
705 3576 1040 3632 secundum
1065 3572 1243 3646 quale
1277 3588 1500 3630 amous
1534 3582 1601 3629 et
1679 3573 1777 3627 den
1815 3572 1893 3627 de
1930 3586 2053 3641 quo
2126 3581 2303 3626 icitur
2330 3572 2411 3639 (n.
2438 3582 2595 3641 3577.
2613 3570 2772 3637 4626,

525 3647 686 3717 4628,
710 3646 869 3715 4748,
901 3644 1089 3716 5021st
1120 3644 1298 3717 56:11.
1331 3644 1544 3713 10292).

635 3716 816 3791 Quod
844 3716 1044 3773 “odor
1079 3716 1357 3790 quietis?
1381 3714 1488 3770 ubi
1523 3714 1601 3769 de
1627 3712 1921 3788 Jehovab.
1950 3712 2030 3768 sit
2060 3710 2471 3784 perceptivum
2499 3711 2665 3783 pacis
2690 3714 2773 3778 (n.

527 3788 984 3935 92⁵⁹Q¹1³0334i>deo
1009 3858 1205 3922 thura,
1229 3854 1589 3919 suffimenta,
1615 3856 1836 3912 odores
1874 3852 1933 3909 in
1972 3852 2123 3909 oleis
2159 3863 2223 3909 et
2251 3852 2592 3925 unguentis,
2617 3850 2775 3908 facia

525 3931 650 3989 sint
675 3931 1185 4003 repraesentativa
1210 3938 1292 3999 (n.
1316 3938 1440 3998 925.
1465 3928 1622 3995 4748.
1653 3926 1808 3997 5621,
1840 3927 2053 3995 10177).

635 4034 718 4105 (9)
829 4031 951 4088 uod
973 4039 1006 4062 ‘⁸
1019 4030 1378 4087 sabbathum
1395 4029 1430 4052 ”
1453 4028 1513 4083 in
1533 4044 1817 4099 supremo
1834 4042 2013 4083 sensu
2034 4024 2461 4097 significaverit
2486 4025 2771 4081 unionem

527 4105 716 4177 ipsius
805 4102 951 4159 wini
987 4119 1061 4159 ac
1097 4100 1302 4159 Divini
1343 4098 1610 4157 Humani
1647 4100 1709 4155 in
1750 4098 2031 4163 Domino.
2057 4098 2117 4153 in
2154 4112 2334 4153 sensu
2366 4095 2607 4153 interno
2629 4112 2775 4151 eon-

525 4174 899 4247 junctionem
929 4171 1133 4231 Divini
1176 4171 1444 4228 Humani
1471 4168 1720 4227 Domini
1757 4184 1897 4224 eum
1934 4169 2103 4224 caelo
2140 4178 2203 4223 et
2237 4184 2376 4223 cum
2408 4166 2679 4231 ecclesia.
2712 4166 2773 4221 in

524 4262 745 4373 ge‘nege
763 4242 1254 4316 conjunctionem
1281 4241 1426 4300 boni
1457 4250 1520 4297 et
1548 4240 1691 4303 veri,
1720 4240 1806 4296 ita
1832 4238 2184 4312 conjugium
2208 4238 2472 4295 caeleste
2504 4240 2587 4309 (n.
2615 4238 2771 4312 8495.

533 4332 602 4373 10
705 4358 720 4379 ,
752 4331 774 4371 1
888 4331 928 4372 0
956 4356 971 4372 .
1512 4366 1524 4384 ,

599 4333 634 4388 3
669 4316 970 4459 adeoggozl
987 4393 1021 4416 ‘⁴
1036 4385 1207 4457 quies
1223 4384 1324 4441 die
1342 4382 1576 4441 sabbati
1593 4382 1625 4404 ”
1643 4381 2075 4455 significaverit
2091 4390 2315 4437 statum
2338 4378 2497 4437 illiue
2514 4378 2773 4437 unionis.

526 4458 670 4529 quia
693 4466 839 4513 tunc
872 4457 1139 4512 Domino
1160 4454 1347 4527 quies,
1373 4464 1436 4510 et
1460 4470 1568 4527 per
1593 4452 1653 4508 id
1688 4469 1803 4525 pax
1826 4463 1888 4508 et
1911 4452 2072 4509 salus
2100 4450 2160 4507 in
2186 4450 2367 4507 caelis
2396 4461 2461 4506 et
2490 4450 2551 4505 in
2581 4449 2771 4509 terris,

526 4538 590 4585 et
615 4530 677 4583 in
696 4544 878 4587 sensu
894 4524 1232 4597 respective
1247 4524 1735 4597 conjunctionem
1760 4522 2005 4579 Domini
2024 4538 2163 4579 cum
2185 4521 2449 4583 homine.
2510 4520 2610 4575 uia
2627 4530 2773 4575 tunc

527 4598 583 4655 ei
611 4616 726 4671 pax
751 4608 814 4656 et
839 4599 999 4655 salus
1022 4600 1102 4666 (n.
1129 4597 1286 4667 8494.
1315 4596 1471 4668 8510,
1499 4594 1685 4666 10360,
1714 4594 1898 4664 10367,
1923 4604 2320 4663 10370,·1o374‚
2342 4606 2365 4647 1
2514 4632 2529 4654 ,
2552 4592 2771 4663 10730).
