3371 5304
880 627 983 677 DE
1020 625 1507 677 SAPIENTIBUS
1541 625 1639 676 ET
1675 623 2142 677 SIMPLICIBUS
2179 624 2264 675 IN
2299 623 2571 677 CAELO.
2701 626 2820 675 211

585 796 837 859 amoris
888 796 1052 860 boni
1108 802 1183 860 et
1238 794 1401 859 veri.
1491 794 1749 858 Amare
1807 813 2044 859 verum
2099 802 2176 859 et
2233 795 2488 859 bonum
2541 802 2826 877 propter

584 910 819 954 verum
841 899 915 953 et
946 891 1226 965 bonum,
1248 899 1357 953 est
1382 888 1563 953 velle
1586 888 1706 951 illa
1735 896 1806 951 et
1833 888 2060 952 facere
2083 888 2226 963 illa,
2249 906 2409 951 nam
2433 889 2546 969 qui
2578 889 2822 951 volunt

584 994 659 1049 et
686 984 943 1049 faciunt
972 984 1073 1047 illi
1104 995 1364 1060 amant,
1398 1002 1539 1047 non
1556 993 1802 1046 'autern
1832 984 1948 1065 qui
1979 1002 2120 1045 non
2145 982 2386 1046 volunt
2416 992 2492 1045 et
2522 982 2818 1046 faciunt:

583 1078 683 1142 illi
712 1080 925 1142 etiam
955 1087 1115 1141 sunt
1139 1079 1253 1160 qui
1283 1088 1521 1152 amant
1554 1077 1948 1151 Dominum,
1977 1087 2050 1140 et
2073 1086 2396 1141 amantur
2423 1097 2465 1139 a
2497 1076 2818 1152 Domino,

582 1174 903 1255 quoniam
940 1172 1197 1235 bonum
1234 1180 1309 1235 et
1346 1189 1581 1234 verum
1618 1180 1781 1235 sunt
1817 1191 1860 1233 a
1903 1170 2228 1246 Domino,
2267 1180 2341 1233 et
2377 1171 2538 1251 quia
2571 1179 2735 1235 sunt
2778 1190 2821 1235 a

584 1266 909 1341 Domino,
948 1267 1159 1329 etiam
1194 1267 1263 1328 in
1294 1266 1453 1340 illis,
1492 1284 1740 1347 nempe
1775 1266 1845 1329 in
1882 1264 2070 1328 bono
2105 1273 2177 1329 et
2214 1284 2397 1339 vero,
2432 1274 2541 1327 est
2580 1264 2818 1328 Domi-

584 1380 749 1439 nus;
810 1360 1095 1442 proinde
1152 1360 1367 1423 etiam
1410 1360 1595 1440 apud
1646 1359 1829 1434 illos,
1874 1359 1990 1441 qui
2047 1360 2378 1441 recipiunt
2430 1360 2686 1422 bonum
2744 1369 2818 1423 et

579 1474 813 1519 verum
849 1456 919 1517 in
956 1475 1079 1517 sua
1114 1455 1261 1517 vita
1295 1473 1417 1536 per
1450 1452 1633 1518 velle
1670 1463 1744 1517 et
1779 1453 2023 1545 facere.
2115 1452 2350 1518 Homo
2383 1453 2593 1517 etiam
2629 1454 2698 1516 in
2743 1472 2818 1517 se

582 1548 931 1632 spectatus
970 1569 1109 1612 non
1154 1557 1264 1613 est
1308 1548 1437 1611 nisi
1472 1566 1677 1632 quarn
1708 1566 1903 1611 suum
1949 1548 2206 1612 bonum
2251 1556 2324 1611 et
2369 1566 2626 1622 verum,
2659 1547 2820 1630 quia

580 1646 831 1707 bonum
878 1655 985 1708 est
1032 1642 1173 1723 ejus
1210 1642 1593 1707 voluntatis
1638 1653 1712 1706 et
1772 1661 2008 1706 verum
2053 1652 2162 1707 est
2205 1642 2350 1724 ejus
2397 1639 2812 1718 intellectus,

578 1748 651 1801 et
686 1739 896 1801 homo
932 1737 1093 1801 talis
1130 1747 1239 1801 est
1275 1736 1495 1820 qualis
1532 1735 1674 1818 ejus
1711 1736 2033 1801 voluntas
2071 1746 2143 1801 et
2181 1734 2608 1801 intellectus:
2657 1738 2816 1801 inde

577 1840 791 1914 patet,
824 1832 1007 1913 quod
1038 1831 1249 1895 homo
1280 1840 1554 1894 tantum
1586 1852 1627 1894 a
1658 1830 1960 1895 Domino
1991 1842 2280 1907 ametur,
2309 1840 2642 1914 quantum
2673 1830 2815 1912 ejus

576 1926 899 1990 voluntas
930 1926 1223 1990 formata
1258 1934 1367 1989 est
1400 1945 1443 1988 a
1475 1925 1684 2001 bono,
1719 1933 1794 1988 et
1830 1924 2226 1990 intellectus
2255 1925 2592 1991 formatus
2625 1935 2736 1989 est
2773 1946 2816 1991 a

574 2039 759 2084 vero.
847 2019 1091 2083 Amari
1123 2040 1163 2083 a
1194 2019 1499 2083 Domino
1529 2029 1638 2083 est
1671 2040 1942 2101 quoque
1973 2040 2205 2085 amare
2229 2020 2625 2097 Dominum,
2653 2039 2812 2084 nam

575 2134 769 2178 amor
804 2124 915 2179 est
952 2115 1381 2196 reciprocus;
1424 2115 1550 2178 dat
1584 2115 1768 2179 enim
1806 2113 2144 2179 Dominus
2179 2116 2244 2180 ei
2279 2116 2396 2199 qui
2429 2126 2702 2179 amatur
2739 2125 2814 2180 ut

580 2218 789 2273 amet.

699 2317 891 2385 351.
952 2302 1031 2365 In
1078 2300 1336 2366 mundo
1373 2300 1696 2379 creditur,
1735 2303 1917 2385 quod
1962 2304 2076 2388 qui
2120 2303 2341 2369 multa
2383 2306 2628 2381 sciunt,
2667 2307 2810 2371 sive

572 2396 661 2460 ait
700 2417 790 2459 ex
827 2394 1155 2460 doctrinis
1190 2396 1527 2460 ecclesiae
1564 2415 1643 2459 ac
1675 2392 1941 2472 Verbo,
1966 2398 2110 2461 sive
2147 2418 2240 2461 ex
2275 2398 2602 2475 scientiiS‚
2629 2401 2816 2474 inte-,

571 2490 705 2553 rius
743 2500 815 2554 et
852 2492 1119 2554 acutius
1156 2489 1431 2569 reliquis
1468 2490 1754 2554 videant
1790 2512 1974 2567 vera,
2014 2492 2114 2556 ita
2149 2492 2332 2575 quod
2369 2492 2522 2574 plus
2557 2494 2809 2558 intelli-

570 2592 743 2666 gant
786 2592 859 2647 et
908 2585 1229 2666 sapiant;
1290 2584 1497 2647 iidem
1543 2586 1631 2649 de
1676 2593 1900 2649 semet
1946 2586 2260 2649 similiter
2304 2587 2629 2651 credunt:
2688 2590 2810 2654 sed

568 2678 729 2760 quid
774 2699 937 2742 vera
983 2678 1447 2760 intelligentia
1490 2688 1565 2743 et
1627 2680 1990 2760 sapientia,
2027 2681 2190 2763 quid
2234 2682 2482 2763 spuria,
2531 2681 2810 2766 et'quid

566 2771 761 2847 falsa,
796 2774 865 2837 in
906 2793 1083 2836 nunc
1124 2773 1571 2855 sequentibus
1609 2773 1898 2838 dicetur.

693 2865 879 2932 Vera
915 2865 1385 2948 intelligentia
1422 2877 1493 2931 et
1541 2868 1880 2948 sapientia
1917 2878 2029 2934 est
2064 2869 2296 2935 videre
2341 2879 2413 2935 et
2458 2871 2808 2955 percipere

566 2961 729 3044 quid
772 2981 1007 3025 verum
1052 2972 1125 3025 et
1171 2962 1449 3038 bonum,
1489 2971 1561 3025 et
1604 2962 1764 3026 inde
1809 2963 1968 3044 quid
2013 2962 2258 3027 falsum
2303 2976 2375 3029 et
2422 2965 2700 3043 malum,
2737 2978 2808 3032 et

566 3055 683 3119 illa
719 3058 933 3139 probe
964 3057 1409 3138 distinguere,
1445 3067 1517 3121 et
1554 3057 1683 3121 hoc
1725 3078 1816 3122 ex
1848 3059 2218 3124 intuitione
2257 3069 2331 3124 et
2361 3062 2807 3144 perceptione

562 3149 903 3216 interiore.
986 3151 1193 3232 Apud
1234 3153 1756 3235 unumquemvis
1791 3152 2144 3218 hominem
2176 3163 2335 3218 sunt
2369 3155 2698 3221 interiora
2731 3167 2807 3224 et

564 3247 951 3323 exteriora3
998 3247 1323 3310 interiora
1361 3256 1521 3311 sunt
1567 3266 1744 3329 quae
1789 3257 1950 3312 sunt
1989 3249 2242 3312 interni
2279 3271 2400 3314 seu
2435 3252 2804 3332 spiritualis

562 3338 877 3416 hominia,
916 3343 1265 3406 exteriora
1304 3351 1539 3406 autem
1582 3363 1760 3424 quae
1797 3352 1960 3406 sunt
1995 3345 2273 3408 externi
2315 3365 2434 3408 seu
2474 3346 2803 3412 naturalis

562 3431 893 3513 hominis;
940 3437 1116 3500 sicut
1146 3437 1473 3500 interiora
1504 3437 1802 3501 formata
1831 3447 2014 3512 sunt,
2049 3447 2122 3502 et
2160 3457 2314 3503 cum
2346 3442 2804 3506 exterioribus

561 3548 765 3592 unum
795 3529 1073 3605 faciunt,
1110 3532 1209 3594 ita
1239 3530 1451 3595 homo
1484 3531 1675 3594 videt
1709 3540 1782 3595 et
1815 3533 2128 3614 percipit.
2220 3532 2550 3598 Interiora
2579 3535 2800 3600 homi-

560 3623 661 3687 nis
708 3643 845 3687 non
897 3623 1171 3688 formari
1210 3634 1503 3707 possunt
1551 3645 1756 3708 quam
1803 3627 1872 3690 in
1919 3627 2137 3703 caelo,
2175 3627 2526 3694 exteriora
2568 3642 2800 3696 autem

557 3715 934 3782 formantur
962 3719 1029 3782 in
1055 3720 1330 3784 mundo.
1418 3717 1589 3784 Cum
1614 3722 1942 3786 interiora
1971 3722 2268 3787 formata
2289 3733 2452 3787 sunt
2483 3725 2551 3787 in
2581 3725 2797 3801 caelo,

558 3821 719 3876 tunc
764 3812 902 3886 illa,
952 3833 1128 3895 quae
1170 3813 1289 3889 ibi,
1337 3813 1623 3880 influunt
1670 3818 1742 3881 in
1789 3817 2142 3881 exteriora
2183 3837 2360 3899 quae
2421 3839 2460 3882 e
2517 3820 2796 3895 mundo,

556 3913 627 3967 et
672 3904 966 3974 formant
1014 3927 1097 3970 ea
1155 3907 1245 3970 ad
1300 3911 2010 3992 correspondentiam,
2058 3911 2190 3976 hoc
2253 3920 2384 3988 est,
2431 3921 2506 3976 ut
2566 3933 2797 3978 secum

556 4015 761 4062 unum
792 4009 1005 4078 agant
1031 4021 1047 4078 ;
1086 4000 1217 4066 hoc
1252 4023 1407 4067 cum
1439 4003 1694 4070 factum
1725 4017 1858 4082 est,
1895 4004 2106 4070 homo
2135 4006 2227 4069 ab
2255 4006 2578 4069 interiore
2610 4007 2798 4071 videt

553 4100 625 4154 et
670 4094 977 4173 percipit.
1073 4095 1172 4160 Ut
1210 4098 1535 4164 interiora
1572 4102 1974 4178 formentur,
2015 4101 2288 4164 unicum
2325 4101 2626 4166 medium
2663 4111 2794 4177 est,

553 4193 627 4248 ut
658 4184 869 4250 homo
900 4189 1167 4271 spectet
1200 4195 1286 4258 ad
1323 4195 1645 4259 Divinum
1683 4207 1756 4261 et
1787 4197 1876 4262 ad
1909 4196 2200 4272 caelum,
2227 4216 2407 4273 nam,
2435 4208 2510 4260 ut
2539 4193 2796 4260 dictum

552 4287 681 4352 est,
713 4281 1038 4348 interiora
1071 4287 1449 4352 formantur
1478 4291 1546 4352 in
1578 4289 1816 4370 caelo;
1861 4300 1934 4355 et
1966 4301 2131 4354 tunc
2163 4289 2434 4373 spectat
2465 4291 2676 4355 homo
2705 4291 2796 4356 ad

552 4369 895 4452 Divinum,
937 4400 1092 4443 curn
1129 4382 1351 4446 credit
1390 4381 1740 4458 Divinum,
1779 4394 1852 4449 et
1897 4385 2119 4449 credit
2157 4386 2340 4468 quod
2383 4385 2543 4450 inde
2591 4405 2794 4452 omne

551 4485 783 4535 verum
816 4483 891 4536 et
924 4474 1199 4551 bonum,
1233 4477 1518 4558 proinde
1553 4479 1774 4542 omnis
1807 4478 2276 4561 intelligentia
2305 4489 2377 4544 et
2409 4481 2747 4563 sapientia
2773 4501 2792 4560 3
