3371 5304
531 599 614 664 14
1171 599 1276 654 DE
1319 597 1576 652 CAELO
1623 599 1719 650 ET
1764 601 2133 674 INFERNO.

974 771 1003 792 “
1020 767 1137 832 Ego
1159 783 1286 820 siun
1314 771 1416 832 via,
1443 771 1660 831 veritas,
1685 779 1743 820 et
1764 770 1879 824 vita
1894 769 1923 790 ”
1947 771 2100 838 (Joh-
2126 772 2233 822 xiV.
2258 771 2324 834 6).

647 915 739 982 6.
801 913 1107 980 Fuerunt
1147 915 1424 1000 quidam
1463 916 1761 997 spiritus,
1802 913 1935 1000 qui,
1976 917 2140 980 dum
2178 919 2247 980 in
2285 916 2542 980 mundo
2578 917 2775 984 vixe-

520 1021 704 1088 runt,
733 1012 1014 1095 professi
1047 1022 1206 1077 sunt
1245 1013 1544 1087 Patrem,
1571 1020 1646 1077 et
1678 1012 1768 1077 de
1794 1011 2099 1076 Domino
2124 1031 2263 1076 non
2291 1013 2497 1076 aliam
2522 1013 2773 1088 ideam,

520 1121 725 1192 quam
759 1107 936 1170 sicut
970 1108 1056 1172 de
1088 1107 1226 1171 alio
1255 1107 1536 1171 homine
1560 1107 1965 1184 habuerunt,
1994 1117 2066 1172 et
2098 1107 2260 1172 inde
2292 1127 2431 1171 non
2464 1108 2775 1172 credide-

513 1212 680 1268 runt
719 1201 952 1286 Ipsum
999 1221 1153 1267 esse
1201 1201 1425 1266 Deum
1462 1203 1684 1282 caeli;
1753 1213 2179 1288 quapropter
2222 1203 2359 1268 illis
2406 1203 2772 1286 permitte·

516 1300 722 1363 batur
766 1299 1282 1379 circumvagari,
1333 1307 1407 1362 et
1458 1299 1798 1382 inquirere
1844 1297 2228 1382 ubicunque
2274 1298 2560 1377 vellent,
2610 1316 2772 1366 num

515 1393 701 1457 aliud
749 1393 1018 1457 caelum
1065 1394 1155 1456 sit
1203 1411 1408 1476 quam
1457 1394 1778 1473 Domini;
1847 1395 2347 1477 inquisiverunt
2392 1395 2603 1459 etiam
2652 1408 2775 1479 per

517 1487 780 1571 aliquot
819 1489 988 1562 dies,
1024 1497 1095 1553 et
1134 1487 1374 1551 nullibi
1412 1487 1851 1554 invenerunt.
1940 1489 2164 1553 Erant
2202 1489 2302 1552 illi
2347 1491 2531 1554 inter
2562 1489 2768 1566 tales,

515 1584 628 1666 qui
673 1582 1081 1648 felicitatem
1118 1583 1294 1646 caeli
1332 1583 1691 1666 ponebant
1737 1585 1806 1648 in
1853 1585 2077 1668 gloria
2122 1605 2202 1649 ac
2249 1586 2318 1649 in
2364 1585 2768 1666 dominatu;

516 1687 587 1742 et
634 1679 791 1761 quia
839 1697 976 1742 non
1022 1679 1227 1761 potiri
1265 1687 1641 1761 potuerunt
1690 1699 1863 1762 quae
1902 1681 2335 1762 cupiverunt,
2374 1690 2447 1745 et
2509 1678 2766 1744 dictum

511 1773 648 1838 illis
687 1775 868 1857 quod
908 1774 1176 1838 caelum
1217 1793 1354 1837 non
1394 1775 1737 1838 consistat
1777 1776 1845 1838 in
1883 1773 2163 1850 talibuS,
2199 1775 2543 1857 indignati
2578 1785 2766 1849 sunt,

513 1877 586 1933 et
618 1866 984 1933 voluerunt
1023 1869 1288 1933 caelum
1313 1867 1569 1933 habere
1615 1871 1683 1933 in
1717 1890 1853 1952 quo
1883 1880 2171 1954 possent
2196 1871 2533 1936 dominari
2562 1888 2770 1955 supra.

515 1963 710 2039 alios,
751 1973 823 2028 et
861 1963 1165 2028 eminere
1203 1962 1428 2048 gloria
1464 1964 1651 2048 quali
1688 1965 1756 2028 in
1794 1966 2075 2030 mundo.

1559 2523 1713 2610 [η]

784 2736 1014 2821 Quoi)
1060 2738 1412 2803 Dwmuu
1461 2738 1763 2803 Donum
1812 2749 2094 2802 nourr
2142 2736 2491 2803 CAELuu.

639 2964 718 3037 7.
763 2951 1024 3036 Angeli
1063 2953 1264 3018 simul
1305 2954 1560 3037 sumpti
1605 2952 2255 3029 dicuntur-caelum,
2304 2954 2461 3037 quia
2490 2954 2756 3017 consti-

512 3048 964 3128 tuunt'illud3
1012 3050 1133 3114 sed
1168 3066 1382 3132 usque
1413 3060 1522 3113 est
1561 3045 1887 3113 Divinum
1924 3050 2308 3132 procedens
2352 3070 2395 3113 a
2432 3050 2755 3123 Domino.

510 3145 693 3227 quod
733 3144 952 3207 influit
991 3144 1170 3227 apud
1207 3144 1523 3227 angelos,
1571 3154 1644 3209 et
1680 3145 1866 3228 quod
1896 3145 2221 3227 recipitur
2256 3147 2347 3209 ab
2383 3144 2541 3223 illis,
2568 3146 2757 3229 quod

510 3240 673 3304 facit
700 3240 966 3303 caelum
1000 3241 1067 3302 in
1100 3242 1449 3304 communi
1487 3250 1560 3303 et
1599 3240 1665 3302 in
1707 3248 1922 3323 parte.
2016 3240 2339 3304 Divinum
2374 3241 2757 3323 procedens

509 3355 550 3399 a
583 3334 886 3397 Domino
916 3344 1024 3399 est
1057 3334 1312 3398 bonum
1345 3336 1598 3399 amoris
1631 3345 1707 3399 et
1738 3354 1973 3398 verum
2007 3333 2162 3398 fidei
2190 3357 2206 3413 ;
2253 3345 2589 3418 quantum
2620 3337 2753 3415 ita-

509 3452 640 3513 que
679 3430 841 3493 boni
879 3440 952 3494 et
989 3431 1130 3495 veri
1167 3432 1506 3512 recipiunt
1541 3451 1582 3493 a
1618 3429 1943 3505 Domino,
1986 3440 2263 3497 tantum
2300 3430 2532 3515 angeli
2570 3442 2753 3508 sunt,

511 3536 584 3589 et
624 3535 899 3589 tantum
939 3526 1204 3589 caelum
1243 3536 1425 3590 sunt.

637 3620 723 3685 8.
768 3618 1250 3704 Unusquisque
1299 3622 1366 3684 in
1415 3620 1629 3685 caelis
1677 3622 1811 3684 scit
1859 3631 1931 3685 et
1992 3621 2238 3697 credit,
2278 3620 2493 3687 immo
2537 3624 2756 3706 perci-

511 3718 634 3800 pit,
669 3715 853 3799 quod
887 3715 1055 3779 nihil
1088 3716 1253 3780 boni
1299 3737 1392 3779 ex
1447 3736 1522 3781 se
1570 3716 1740 3781 velit
1791 3728 1863 3781 et
1905 3717 2131 3789 faciat,
2168 3726 2238 3782 et
2279 3718 2449 3783 nihil
2484 3718 2627 3783 veri
2662 3736 2755 3781 ex

511 3832 585 3876 se
610 3812 878 3893 cogitet
901 3821 974 3875 et
999 3812 1261 3886 credat,
1284 3812 1407 3875 sed
1432 3833 1524 3876 ex
1552 3812 1829 3887 Divino,
1850 3814 1948 3877 ita
1971 3834 2066 3876 ex
2092 3811 2395 3877 Domino
2418 3834 2434 3891 ;
2472 3823 2545 3878 et
2572 3814 2755 3895 quod

507 3908 764 3971 bonum
802 3915 874 3971 et
910 3927 1146 3970 verum
1179 3926 1354 3990 quae
1399 3926 1441 3971 a
1485 3918 1709 3973 semet
1742 3926 1883 3972 non
1920 3910 2060 3971 sint
2090 3908 2347 3972 bonum
2386 3918 2457 3972 et
2493 3928 2751 3984 verum,

506 4002 662 4085 quia
686 4002 784 4065 eis
815 4020 955 4065 non
979 4003 1126 4067 vita
1155 4021 1196 4065 a
1230 4002 1484 4067 Divino
1505 4004 1711 4067 inest.
1802 4003 2067 4085 Angeli
2096 4004 2319 4067 intimi
2345 4002 2519 4068 caeli
2544 4004 2753 4071 etiam

507 4096 693 4160 clare
731 4098 1136 4180 percipiunt,
1171 4107 1244 4161 et
1284 4100 1594 4163 sentiunt
1631 4096 1987 4173 influxum,
2029 4106 2102 4162 et
2140 4106 2473 4182 quantum
2512 4098 2755 4181 recipi-

510 4201 633 4255 unt
661 4200 934 4257 tantum
953 4192 1274 4256 videntur
1292 4193 1420 4257 sibi
1445 4193 1513 4257 in
1539 4192 1737 4257 caelo
1761 4214 1936 4267 esse,
1958 4193 2115 4276 quia
2136 4201 2406 4257 tantum
2434 4192 2501 4255 in
2522 4186 2755 4259 amore

503 4295 581 4350 et
619 4282 776 4361 fide,
813 4296 888 4351 et
935 4297 1208 4353 tantum
1253 4288 1323 4353 in
1370 4288 1522 4353 luce
1559 4286 2072 4371 intelligentiae
2118 4297 2190 4353 et
2238 4287 2642 4371 sapientiae,
2683 4300 2755 4355 et

505 4382 575 4443 in
614 4382 868 4461 gaudio
905 4382 1193 4447 caelesti
1239 4383 1438 4447 inde:
1501 4384 1829 4467 quoniam
1864 4386 2097 4448 omnia
2131 4382 2251 4447 illa
2286 4384 2669 4466 procedunt
2714 4406 2756 4449 a

508 4474 762 4539 Divino
801 4472 1099 4553 Domini,
1140 4488 1213 4543 et
1257 4478 1327 4543 in
1372 4477 1508 4543 illis
1545 4488 1654 4543 est
1695 4478 1965 4543 caelum
2000 4479 2291 4563 angelis,
2330 4488 2532 4563 patet
2566 4480 2751 4563 quod

509 4570 834 4635 Divinum
882 4572 1161 4637 Domini
1205 4574 1412 4639 faciat
1459 4572 1749 4650 caelum,
1799 4584 1872 4641 et
1920 4594 2061 4642 non
2106 4572 2358 4669 angeli
2384 4596 2477 4646 ex
2522 4570 2751 4661 aliquo
