3371 5304
584 656 709 719 214
1236 656 1330 707 os
1375 656 1628 710 cAsLo
1672 658 1772 711 m·
1816 660 2179 714 mmmm.

581 842 722 887 non
752 822 1064 888 ascendit
1092 821 1273 887 ultra
1304 823 1471 889 talia
1502 846 1677 908 quae
1711 826 1780 890 in
1812 826 2070 891 mundo
2095 845 2325 891 coram
2357 826 2574 890 oculis
2607 849 2817 911 appa·

576 926 760 992 rent,
822 937 995 999 quae
1056 920 1384 981 memoria
1442 928 1710 995 tenent,
1767 931 1840 985 et
1905 920 2025 985 illa
2091 940 2306 1003 paene
2369 921 2823 1001 materialiter

580 1010 953 1085 intuentur,
988 1014 1266 1075 tametsi
1304 1012 1589 1078 eaedem
1624 1015 1954 1078 scientiae
1993 1024 2171 1089 sunt,
2209 1036 2384 1097 quae
2422 1037 2583 1081 vere
2613 1017 2821 1079 intel·

582 1104 959 1187 ligentibus
996 1125 1118 1187 pro
1155 1105 1515 1169 formando
1552 1105 1911 1173 intelle&u
1949 1109 2343 1173 inserviunt.
2433 1110 2561 1173 Per
2595 1111 2814 1173 scien·

581 1200 718 1266 tias
768 1199 1249 1281 intelliguntur
1302 1201 1876 1282 experimentalia
1931 1203 2099 1268 varii
2159 1203 2454 1284 generis,
2509 1202 2818 1286 physica,

580 1295 1067 1368 astronomica,
1116 1293 1453 1375 chymica,
1504 1296 1928 1371 mechanica,
1985 1300 2430 1378 geometrica,
2477 1301 2826 1363 anatomi-

581 1409 683 1463 ca,
740 1387 1257 1470 psychologica‚
1308 1388 1806 1471 philosophica,
1855 1390 2184 1455 historica
2242 1410 2610 1473 regnorum
2669 1402 2820 1459 tum

580 1484 767 1549 orbis
797 1483 1075 1557 literati,
1103 1483 1363 1557 critica,
1400 1482 1692 1563 linguae.
1780 1483 2158 1549 Antistites
2188 1487 2302 1567 qui
2333 1495 2592 1565 negant
2625 1486 2818 1549 Divi-

580 1598 765 1653 num,
813 1597 939 1641 nec
998 1575 1099 1639 illi
1150 1577 1330 1640 ultra
1374 1576 1720 1644 sensualia
1775 1598 1948 1661 quae
1995 1590 2156 1642 sunt
2203 1582 2475 1643 externi
2521 1579 2822 1645 hominis

578 1674 857 1739 elevant
894 1672 1357 1755 cogitationes
1389 1690 1546 1735 suas
1575 1692 1592 1750 ;
1640 1671 1758 1735 illa
1789 1693 1962 1754 quae
1988 1672 2202 1742 Verbi
2239 1684 2398 1736 sunt
2437 1694 2578 1737 non
2617 1675 2820 1739 aliter

580 1764 897 1849 spe-:etant
928 1786 1129 1849 quam
1160 1766 1339 1831 sicut
1370 1765 1482 1832 alii
1513 1767 1859 1844 scientias,
1891 1788 2014 1831 nec
2049 1768 2302 1833 faciunt
2334 1769 2452 1832 illa
2485 1788 2592 1833 res
2625 1770 2816 1851 cogi·

578 1864 861 1930 tationis
886 1872 1003 1926 aut
1035 1861 1312 1943 aliquus
1336 1862 1718 1925 intuitionis
1749 1881 1790 1924 a
1822 1873 2054 1926 mente
2081 1865 2402 1928 rationali
2434 1864 2816 1941 illustrata;

580 1967 653 2023 et
684 1957 814 2021 hoc
848 1977 938 2020 ex
974 1975 1197 2031 causa,
1231 1957 1391 2038 quia
1420 1956 1745 2020 interiora
1775 1977 2009 2021 eorum
2035 1957 2266 2021 clausa
2299 1967 2482 2032 sunt,
2512 1970 2584 2022 et
2614 1958 2815 2025 simul

580 2072 736 2117 cum
800 2052 935 2113 illis
1002 2051 1351 2115 exteriora
1408 2051 1726 2132 proxima
1783 2052 2257 2115 interioribus:
2329 2052 2514 2133 quod
2581 2052 2818 2117 clausa

580 2148 738 2221 sint,
788 2156 894 2209 est
940 2146 1095 2227 quia
1138 2154 1487 2209 verterunt
1542 2166 1615 2207 se
1662 2153 1849 2210 retro
1909 2166 1952 2209 a
2009 2146 2228 2220 cae10,
2274 2157 2347 2209 et
2391 2156 2812 2211 retorserunt

578 2239 699 2305 illa
735 2262 907 2323 quae
944 2239 1103 2303 illuc
1141 2237 1454 2321 speetare
1488 2250 1798 2323 possent,
1839 2260 2013 2322 quae
2059 2251 2218 2303 sunt
2256 2242 2582 2305 interiora
2619 2260 2811 2304 men-

579 2337 671 2401 tis
722 2336 1081 2411 humanae,
1124 2344 1198 2398 ut
1256 2336 1437 2417 prius
1491 2332 1752 2398 dietum
1811 2342 1941 2397 est.
2031 2333 2202 2397 Inde
2260 2345 2390 2408 est,
2437 2335 2620 2416 quod
2673 2354 2812 2399 non

576 2431 807 2495 videre
854 2432 1125 2513 possint
1168 2430 1330 2511 quid
1373 2450 1609 2493 verum
1654 2440 1727 2493 et
1774 2430 2053 2504 bonum,
2101 2429 2420 2511 quoniam
2464 2428 2634 2492 haec
2679 2428 2813 2493 illis

576 2526 647 2588 in
690 2524 989 2605 caligine
1020 2534 1202 2599 sunt,
1242 2533 1318 2588 at
1362 2524 1607 2588 falsum
1655 2533 1728 2587 et
1775 2522 2029 2586 malum
2074 2523 2141 2585 in
2188 2522 2360 2585 luce.
2452 2521 2554 2585 At
2601 2542 2812 2606 usque

577 2618 930 2686 sensuales
974 2619 1291 2684 homines
1336 2619 1728 2684 ratiocinari
1774 2626 2088 2701 possunt,
2125 2616 2333 2700 aliqui
2377 2617 2696 2682 solertius
2737 2626 2813 2683 et

578 2717 841 2780 acutius
873 2735 1076 2798 quam
1111 2714 1248 2790 alii,
1282 2716 1403 2779 sed
1442 2737 1532 2778 ex
1569 2714 1856 2778 fallaciis
1890 2731 2209 2776 sensuum
2243 2711 2661 2775 confirmatis
2692 2731 2813 2794 per

578 2830 813 2876 eorum
862 2810 1276 2888 scientifica;
1350 2819 1422 2874 et
1468 2811 1623 2892 quia
1668 2811 1768 2874 ita
1811 2807 2202 2874 ratiocinari
2250 2817 2562 2888 possunt,
2600 2807 2810 2872 etiam

576 2907 703 2988 ipsi
756 2928 829 2970 se
876 2907 1165 2970 credunt
1214 2905 1669 2987 sapientiores
1715 2901 1970 2968 aliis.(“)
2060 2901 2249 2984 Ignis
2295 2901 2408 2982 qui
2453 2899 2810 2965 affetstione

577 3002 889 3066 incendit
928 3001 1285 3064 ratiocinia
1323 3019 1578 3070 eorum,
1618 3009 1726 3062 est
1773 2998 1952 3079 ignis
1992 2997 2244 3060 amoris
2289 2997 2392 3058 sui
2435 3004 2509 3058 et
2555 2995 2808 3059 mundi.

580 3095 675 3160 Hi
712 3107 869 3160 sunt
908 3098 1019 3182 qui
1054 3097 1122 3157 in
1164 3095 1332 3158 salsa
1370 3092 1830 3176 intelligentia
1867 3102 1940 3155 et
1985 3091 2326 3172 sapientia
2359 3099 2544 3164 sunt,
2583 3099 2656 3153 et
2697 3089 2810 3172 qui

578 3211 619 3254 a
658 3190 959 3257 Domino
998 3187 1475 3270 intelliguntur
1512 3186 1694 3268 apud
1729 3183 2171 3262 Matthaeum,

680 3325 710 3347 ‘⁴
721 3323 983 3374 videntes
1000 3335 1119 3451 ›non
1150 3321 1353 3380 vident,
1378 3329 1433 3370 et
1460 3319 1744 3370 audientes
1773 3333 1886 3369 non
1911 3319 2150 3374 audiunt.
2176 3331 2276 3368 nec
2303 3315 2656 3380 intelligunt”
2677 3315 2808 3380 (xiii.

843 3399 999 3448 13-15
1046 3400 1059 3448 ἱ

576 3512 650 3568 et
685 3501 869 3579 alibi,

678 3614 709 3638 ⁸⁸
726 3611 1064 3739 Absfqndita
1085 3619 1212 3738 aiut
1235 3609 1659 3673 intelligentibus
1682 3616 1738 3659 et
1759 3606 2109 3670 sapientibus.
2128 3615 2182 3656 et
2207 3605 2444 3655 revelata
2467 3603 2764 3654 infantibus
2777 3601 2808 3626 ’⁸

856 3691 928 3728 xi.
952 3689 1033 3737 25.
1060 3689 1089 3726 2
1146 3712 1159 3725 .

742 3864 862 3921 uod
882 3864 1119 3926 eruditi.
1138 3863 1239 3936 qui
1255 3879 1321 3918 se
1337 3859 1845 3917 confirmaverunt
1857 3867 2069 3913 contra
2083 3873 2226 3912 vera
2243 3856 2544 3918 ecclesiae,
2561 3871 2806 3912 sensua-

573 3941 662 3997 les
686 3947 807 3992 sint
833 3937 915 4004 (n.
940 3935 1124 4003 6316).

678 4007 892 4084 Qualis
914 4005 1205 4062 sensualis
1229 4003 1432 4064 homo,
1451 3999 1810 4056 describitur
1834 3965 2160 4068 (ιι-10236).

684 4107 795 4174 (ss)
847 4103 1027 4176 Quod
1064 4102 1366 4159 sensuales
1403 4098 1682 4155 homines
1717 4097 2148 4153 ratiocinemur
2180 4095 2398 4152 acriter
2431 4103 2493 4149 et
2539 4095 2804 4158 solerter.

574 4177 861 4264 quoniam
888 4175 948 4229 in
974 4174 1213 4244 loquela
1226 4189 1301 4228 ex
1326 4170 1617 4228 memoria
1638 4185 1928 4239 corporea
1957 4176 2191 4238 ponunt
2207 4183 2448 4222 omnem
2469 4165 2803 4240 intelligen-

573 4259 721 4304 tiam
752 4248 833 4314 (n.
858 4257 973 4314 195.
1006 4243 1120 4313 196.
1152 4256 1300 4313 5700.
1328 4242 1538 4310 10236).

683 4316 803 4373 Sed
861 4316 981 4370 uod
1008 4331 1081 4370 ex
1108 4313 1357 4370 fallaciis
1378 4327 1659 4368 sensuum
1692 4312 1774 4379 (n.
1803 4309 1956 4378 5084.
1981 4305 2139 4378 6948.
2161 4307 2320 4374 6949,
2341 4305 2522 4374 7693).

680 4385 825 4459 Quo
890 4385 1199 4442 sensuales
1221 4383 1497 4441 homines
1520 4381 1708 4438 astuti
1731 4389 1795 4436 et
1831 4377 2114 4436 malitiosi
2136 4376 2259 4434 sint
2285 4391 2426 4450 prae
2451 4374 2694 4450 reliquis
2720 4376 2802 4445 (n.

576 4458 684 4527 7⁶9
722 4499 735 4518 ·
768 4456 980 4528 ¹0²3⁶)·

682 4473 863 4600 &uod
899 4527 1051 4582 tales
1086 4525 1162 4581 ab
1195 4523 1461 4594 antiquis
1496 4519 1641 4582 dieti
1671 4519 1894 4578 fuerint
1923 4527 2231 4592 serpentes
2259 4517 2490 4574 arboris
2517 4515 2800 4573 scientiae

578 4599 660 4668 (n.
690 4610 946 4668 195-197.
972 4595 1129 4666 6398-
1152 4595 1309 4665 6949·
1342 4595 1553 4664 mm)-
