3371 5304
625 623 744 700 318
1267 629 1372 680 nr.
1408 627 1671 680 canno
1716 627 1811 680 ετ
1856 624 2223 678 ner-anno,

591 804 742 868 'sed
781 799 1104 867 infectum
1145 802 1350 876 male,
1386 809 1735 882 utcunque
1774 799 1842 862 in
1877 808 2178 863 externa
2211 795 2429 860 forma
2463 795 2647 876 apud
2684 795 2863 870 illos,

621 899 733 981 qui
773 917 910 961 non
945 899 1170 962 sciunt
1210 898 1563 973 interiora,
1603 904 1895 977 apparet
1934 902 2009 957 ut
2045 893 2323 958 bonum.
2414 892 2649 956 Aliter
2685 892 2864 973 apud

621 993 778 1057 illos
825 994 937 1075 qui
984 994 1052 1054 in
1092 992 1278 1055 bono
1315 1002 1518 1056 sunt:
1580 991 1763 1074 apud
1808 987 1938 1054 hos
1984 1009 2121 1052 non
2161 989 2472 1052 inversus
2518 996 2628 1051 est
2674 986 2863 1062 orde,

619 1088 744 1152 sed
790 1088 1046 1151 bonum
1091 1106 1183 1149 ex
1229 1087 1556 1150 interiore
1589 1086 2021 1167 cogitatione
2056 1083 2273 1147 influit
2320 1085 2388 1146 in
2426 1083 2863 1160 exteriorem,

617 1193 690 1246 et
751 1184 850 1246 sic
908 1181 976 1245 in
1037 1179 1381 1264 loquelam
1426 1191 1500 1245 et
1559 1181 1628 1244 in
1681 1173 1895 1244 aetus,
1986 1177 2120 1242 Hic
2168 1179 2338 1243 ordo
2382 1187 2493 1242 est
2550 1177 2619 1241 in
2664 1198 2865 1262 quem

618 1276 828 1340 homo
861 1287 1133 1341 creatus
1165 1285 1272 1341 est
1303 1295 1318 1339 ε
1369 1276 1465 1339 sic
1497 1277 1680 1339 enim
1713 1275 2041 1339 interiora
2072 1293 2306 1338 eorum
2346 1275 2411 1336 in
2451 1274 2649 1338 caelo
2681 1284 2864 1350 sunt,

617 1371 824 1455 inque
858 1370 1011 1435 luce
1049 1370 1182 1449 ibi;
1229 1381 1302 1434 et
1339 1372 1498 1455 quia
1533 1371 1656 1435 lux
1689 1369 1864 1434 caeli
1903 1379 2011 1434 est
2048 1369 2373 1434 Divinum
2407 1369 2669 1433 Verum
2706 1389 2865 1454 pro·

617 1467 875 1532 cedens
941 1487 983 1532 a
1048 1465 1372 1543 Domino,
1441 1465 1729 1549 proinde
1796 1473 1903 1530 est
1972 1465 2309 1529 Dominus
2372 1467 2442 1529 in
2502 1466 2699 1530 caelo
2768 1467 2865 1549 (n.

625 1561 966 1645 126-140),
1001 1562 1160 1626 ideo
1198 1559 1297 1626 illi
1332 1562 1678 1626 ducuntur
1714 1583 1755 1626 a
1793 1561 2116 1627 Domin0.
2208 1559 2400 1626 Haec
2449 1559 2635 1626 dicta
2680 1573 2865 1638 sunt,

617 1668 694 1722 ut
725 1659 982 1722 sciatur
1013 1657 1193 1740 quod
1227 1658 1439 1721 cuivis
1469 1657 1731 1720 homini
1762 1657 1853 1721 sit
1882 1658 2224 1740 cogitatio
2255 1658 2539 1721 interior
2566 1666 2639 1722 et
2673 1659 2865 1741 cogi-

617 1754 796 1816 tatio
829 1755 1154 1829 exterior,
1189 1763 1262 1818 et
1299 1753 1483 1836 quod
1520 1752 1682 1816 illae
1719 1751 1900 1816 inter
1937 1773 2011 1816 se
2042 1749 2411 1817 distinfitae
2442 1755 2603 1818 sint.
2692 1752 2867 1818 Cum

617 1847 868 1912 dicitur
906 1849 1262 1929 cogitati0,
1304 1847 1721 1930 intelligitur
1757 1847 1967 1912 etiam
2006 1847 2353 1925 voluntaS,
2396 1866 2554 1912 narn
2593 1850 2865 1930 cogita-

616 1945 718 2007 tio
763 1954 874 2008 est
921 1965 1012 2006 ex
1059 1944 1445 2018 voluntate,
1492 1961 1701 2007 nemo
1747 1945 1928 2008 enim
1968 1953 2207 2026 potest
2254 1945 2568 2026 cogitare
2605 1945 2866 2028 absque

615 2037 998 2102 voluntate.
1091 2035 1204 2102 Ex
1238 2038 1344 2103 his
1378 2047 1593 2120 patet,
1628 2039 1791 2121 quid
1825 2049 2045 2103 status
2077 2040 2503 2103 exteriorum
2536 2051 2607 2103 et
2638 2049 2865 2104 status

615 2133 1015 2197 interiorum
1055 2133 1372 2196 hominis,

739 2241 953 2312 5000
1014 2226 1185 2292 Cum
1223 2228 1473 2293 dicitur
1507 2228 1831 2292 voluntas
1866 2235 1939 2291 et
1977 2225 2338 2308 cogitati0,
2380 2237 2545 2292 tunc
2585 2249 2707 2312 per
2740 2249 2862 2295 vo-

617 2321 957 2386 luntatem
1005 2325 1217 2387 etiam
1266 2322 1680 2406 intelligitur
1725 2320 1997 2387 affectio
2042 2333 2113 2386 et
2180 2341 2394 2398 amor,
2444 2331 2591 2387 tum
2638 2327 2863 2390 omnis

611 2419 1000 2498 jucunditas
1033 2426 1102 2481 et
1134 2419 1460 2499 voluptas
1494 2439 1667 2504 quae
1699 2429 1858 2483 sunt
1892 2415 2265 2482 affectionis
2296 2427 2369 2481 et
2398 2419 2673 2497 αιτιοι-ῖς,
2706 2423 2862 2504 quia

617 2513 787 2576 haec
835 2533 908 2578 se
955 2513 1258 2577 referunt
1306 2515 1392 2578 ad
1453 2513 1888 2579 voluntatem
1936 2521 2009 2577 ut
2066 2513 2153 2576 ad
2214 2533 2410 2578 suum
2458 2515 2859 2597 subjectum,

617 2627 776 2671 nam
823 2609 1006 2691 quod
1051 2608 1262 2674 homo
1307 2609 1480 2686 vult,
1520 2608 1652 2673 hoc
1700 2619 1913 2685 amat,
1947 2627 2027 2672 ac
2067 2608 2442 2690 jucundum
2488 2620 2564 2674 et
2609 2611 2861 2695 volupe

615 2705 867 2782 sentit;
915 2712 987 2767 et
1025 2705 1349 2781 vicissim,
1385 2706 1567 2787 quod
1605 2704 1817 2768 homo
1854 2715 2063 2779 amat,
2099 2724 2179 2768 ac
2220 2704 2591 2787 jucundum
2630 2718 2701 2771 et
2738 2730 2859 2772 vo-

615 2802 772 2883 lupe
809 2800 1043 2873 sentit,
1083 2799 1214 2863 hoc
1253 2800 1444 2864 vult:
1479 2819 1602 2882 per
1638 2800 2142 2880 cogitationem
2180 2810 2411 2864 autem
2452 2809 2617 2865 tunc
2655 2804 2857 2867 intel-

617 2896 850 2977 ligitur
887 2895 1098 2959 etiam
1137 2914 1344 2960 omne
1379 2896 1448 2959 id
1496 2914 1617 2976 per
1650 2894 1835 2977 quod
1873 2893 2237 2959 confirmat
2273 2894 2701 2961 affectionem
2740 2918 2861 2964 seu

615 3010 918 3053 amorem
954 3011 1170 3068 suum,
1205 3012 1366 3055 nam
1390 2992 1739 3074 cogitatio
1772 3011 1909 3054 non
1944 2990 2126 3053 aliud
2160 3001 2267 3054 est
2298 3012 2503 3073 quam
2538 2994 2859 3058 volunta-

615 3087 703 3148 tis
737 3086 978 3159 forma,
1021 3106 1140 3150 seu
1179 3097 1254 3150 ut
1293 3097 1626 3169 appareat
1673 3086 1740 3151 in
1782 3085 1933 3149 luce
1971 3086 2151 3169 quod
2198 3088 2409 3150 homo
2446 3089 2639 3167 vult;
2686 3088 2858 3153 haec

614 3178 830 3243 forma
861 3181 1124 3244 sistitur
1157 3202 1276 3264 per
1307 3184 1529 3246 varias
1554 3182 1875 3263 analyses
1899 3179 2297 3257 rationales»,
2326 3202 2499 3267 quae
2525 3184 2858 3266 originem

615 3294 806 3338 suam
853 3276 1112 3339 ducunt
1156 3298 1194 3341 e
1241 3277 1574 3360 spirituali
1619 3278 1899 3351 mund0,
1940 3287 2013 3340 et
2058 3286 2221 3339 sunt
2268 3278 2535 3361 proprie
2582 3280 2860 3361 spiritus

613 3369 930 3434 hominis,

738 3480 936 3547 301·
996 3464 1362 3531 Sciendum
1403 3478 1533 3544 est,
1568 3468 1751 3550 quod
1788 3468 1999 3531 homo
2032 3486 2305 3549 prorsus
2343 3466 2505 3532 talis
2542 3469 2654 3544 sit,
2688 3488 2859 3552 qua-

615 3559 697 3623 lis
736 3569 844 3624 est
877 3563 1104 3644 quoad
1143 3584 1263 3626 sua
1301 3564 1646 3637 interiora,
1688 3572 1759 3627 et
1806 3582 1943 3626 non
1982 3562 2203 3645 qualis
2240 3571 2349 3626 est
2387 3565 2613 3645 quoad
2652 3575 2859 3629 exte-

614 3656 791 3719 riora
835 3668 1158 3739 separata
1203 3658 1292 3721 ab
1337 3657 1794 3723 interioribus,
1884 3657 2110 3721 Causa
2155 3666 2285 3732 est,
2333 3660 2491 3741 quia
2532 3660 2859 3724 interiora

614 3760 773 3813 sunt
819 3751 960 3831 ejus
1005 3753 1305 3835 spiritua,
1347 3774 1427 3816 ac
1472 3755 1616 3817 vita
1669 3754 1965 3817 hominis
2022 3761 2128 3817 est
2188 3754 2332 3817 vita
2392 3754 2493 3817 sui
2550 3756 2855 3836 spiritua,

613 3845 776 3909 inde
831 3848 1010 3910 enim
1069 3868 1316 3930 corpus
1374 3849 1594 3927 vivit;
1657 3860 2075 3931 quapropter
2132 3850 2342 3912 etiam
2389 3848 2606 3932 qualis
2644 3848 2858 3913 homo

611 3951 722 4005 est
758 3944 984 4024 quoad
1017 3964 1140 4006 sua
1175 3943 1522 4018 interiora,
1562 3943 1723 4008 talis
1763 3954 1999 4009 manet
2042 3945 2109 4007 in
2158 3955 2535 4008 aeternum.
2626 3944 2855 4010 Exte-

611 4036 790 4101 riora
826 4047 1082 4112 autem,
1122 4037 1281 4120 quia
1333 4039 1685 4119 pertinent
1724 4040 1936 4101 etiam
1994 4039 2083 4101 ad
2138 4058 2406 4121 corpuS,
2448 4049 2855 4121 separantur

611 4142 771 4214 post
810 4143 1128 4207 mortem,
1170 4142 1242 4197 et
1279 4152 1362 4197 ea
1398 4151 1572 4216 quae
1607 4154 1700 4197 ex
1744 4132 1881 4197 illis
1919 4134 2301 4200 adhaerent
2338 4135 2627 4217 spiritui,
2669 4136 2853 4218 sopi-

611 4236 835 4301 untur,
864 4248 943 4291 ac
979 4228 1189 4291 modo
1218 4227 1600 4293 inserviunt
1631 4248 1755 4311 pro
1786 4230 1997 4310 plano
2028 4229 2481 4305 interioribuS,
2514 4241 2591 4295 ut
2624 4250 2849 4313 supra,

611 4320 722 4384 ubi
746 4319 972 4385 aGtum
999 4332 1105 4388 est
1132 4324 1218 4388 de
1241 4326 1572 4388 memoria
1595 4324 1893 4389 hominis
1916 4336 2076 4407 post
2104 4334 2398 4389 mortem
2422 4334 2849 4402 remanente,

609 4429 966 4482 ostensum
1001 4428 1129 4483 est.
1221 4418 1391 4483 Inde
1424 4430 1640 4502 patet,
1670 4439 2008 4504 quaenam
2040 4432 2201 4485 sunt
2234 4422 2507 4507 propria
2530 4420 2847 4495 hominia,

609 4520 682 4576 et
719 4532 1056 4596 quaenam
1096 4532 1233 4577 non
1271 4524 1432 4579 sunt
1470 4516 1743 4598 propria
1780 4514 1944 4597 eiua,
1982 4517 2165 4600 quod
2205 4536 2453 4600 nempe
2489 4517 2671 4599 apud
2704 4534 2849 4580 ma·

609 4606 715 4672 los
761 4609 992 4674 omnia
1047 4608 1168 4673 illa
1213 4630 1388 4692 quae
1435 4619 1596 4677 sunt
1641 4610 2007 4677 exterioris
2060 4614 2509 4695 cogitationis
2566 4634 2659 4676 ex
2718 4632 2851 4697 qua
