3371 5304
987 650 1088 701 DE
1134 649 1545 701 SAPIENTIA
1592 647 2075 702 ANGELORU'M
2119 649 2372 703 CAELI.
2733 650 2847 721 151

607 842 832 905 supra,
873 841 940 886 n.
994 820 1333 906 126—133.)
1424 820 1599 886 Sunt
1637 821 1849 886 etiam
1887 820 2118 904 angeli
2163 822 2231 886 in
2277 821 2563 888 caelesti
2600 821 2853 900 calore,

609 919 724 1002 qui
767 919 836 982 in
867 937 992 980 sua
1019 918 1321 980 essentia
1349 926 1459 981 est
1491 915 1814 980 Divinum
1850 916 2115 981 Bonum
2148 937 2267 980 seu
2300 917 2583 982 Divinus
2608 917 2851 994 Amor,

609 1035 700 1078 ex
761 1033 896 1096 quo
941 1011 1078 1076 illis
1123 1009 1390 1076 affectio
1449 1022 1521 1077 et
1579 1010 1995 1076 desiderium
2040 1013 2349 1095 sapiendi
2394 1023 2523 1078 est.
2618 1011 2855 1098 (Quod

608 1107 794 1173 calor
828 1107 1006 1172 caeli
1049 1107 1142 1172 sit
1186 1107 1508 1171 Divinum
1549 1106 1817 1170 Bonum
1852 1127 1973 1172 seu
2010 1107 2299 1172 Divinus
2336 1107 2579 1184 Amor,
2616 1110 2852 1174 videa-

607 1213 722 1268 tur
777 1222 1002 1285 supra,
1049 1221 1116 1266 n.
1182 1201 1522 1284 133-140.)
1616 1200 1823 1284 Quod
1884 1203 2117 1285 angeli
2173 1204 2243 1266 in
2290 1205 2633 1286 sapientia
2690 1205 2850 1279 sint,

607 1298 786 1362 adeo
837 1307 914 1362 ut
965 1296 1102 1361 dici
1156 1307 1413 1380 queant
1467 1295 1885 1380 Sapientiae,
1942 1296 2259 1362 concludi
2312 1308 2543 1381 potest
2600 1319 2689 1364 ex
2744 1319 2850 1372 eo,

607 1393 792 1477 quod
835 1411 1080 1456 omnes
1123 1411 1359 1456 eorum
1407 1393 1873 1474 cogitationes
1908 1401 1992 1457 'et
2044 1389 2439 1457 affetffiones
2482 1393 2697 1458 fluant
2742 1415 2851 1460 se·

605 1488 906 1552 cundum
943 1487 1232 1552 sormam
1268 1486 1665 1563 caelestem,
1700 1508 1875 1570 quae
1910 1487 2128 1552 forma
2164 1500 2273 1552 est
2310 1489 2525 1553 forma
2564 1489 2851 1554 Divinae

605 1582 1025 1667 Sapientiae,
1081 1591 1156 1646 et
1219 1583 1404 1665 quod
1469 1584 1797 1648 interiora
1860 1583 2152 1659 illorum,
2207 1605 2381 1667 quae
2443 1587 2851 1667 sapientiam

605 1679 968 1761 recipiunt,
1007 1677 1094 1742 ad
1133 1677 1322 1742 illam
1357 1677 1644 1743 formam
1687 1679 2076 1760 composita
2111 1679 2271 1743 sint.
2362 1677 2599 1762 (Quod
2636 1700 2849 1763 ange·

605 1773 828 1838 lorum
861 1773 1328 1855 cogitationes
1365 1783 1438 1837 et
1475 1771 1873 1838 affectiones
1906 1774 2121 1838 fluant
2159 1775 2535 1838 secundum
2564 1776 2851 1840 sormam

605 1869 804 1944 caeli,
851 1869 1138 1952 proinde
1184 1869 1396 1933 etiam
1441 1869 1909 1952 intelligentia
1952 1879 2027 1933 et
2072 1870 2409 1951 sapientia
2452 1891 2711 1947 eorum,
2750 1873 2850 1936 vi·

607 1965 857 2030 deatur
901 1985 1126 2047 supra,
1167 1985 1232 2028 n.
1281 1964 1630 2047 201-212.)
1724 1963 1929 2046 Quod
1966 1966 2481 2046 supereminens
2519 1968 2852 2049 sapientia

604 2062 700 2125 sit
755 2060 1043 2142 angelis,
1093 2061 1300 2124 etiam
1361 2070 1684 2125 constare
1744 2069 1979 2142 potest
2037 2081 2128 2125 ex
2188 2081 2295 2137 eo,
2336 2063 2519 2144 quod
2579 2063 2851 2145 loquela

607 2176 842 2222 eorum
899 2155 992 2219 sit
1051 2153 1432 2236 sapientiae
1493 2155 1789 2238 loquela,
1834 2156 1981 2220 fluit
2039 2156 2221 2219 enim
2282 2156 2401 2220 illa
2458 2157 2853 2222 immediate

607 2248 736 2316 ¹¹¹et
765 2261 1019 2334 sponte
1063 2271 1156 2314 ex
1198 2252 1647 2332 cogitatione,
1681 2261 1755 2315 et
1790 2249 1961 2315 haec
1994 2271 2085 2314 ex
2114 2249 2473 2316 affectione
2501 2253 2599 2335 sic
2632 2262 2710 2317 ut
2749 2254 2851 2318 lo·

607 2345 810 2429 quela
847 2365 1082 2410 eorum
1117 2347 1210 2410 sit
1239 2341 1739 2428 cogitatiofflex
1770 2342 2131 2410 affestione
2164 2347 2231 2410 in
2266 2345 2485 2410 forma
2520 2357 2853 2426 externa;

606 2441 767 2505 inde
797 2451 908 2505 est
941 2442 1124 2524 quod
1159 2440 1326 2505 nihil
1359 2461 1482 2504 eos
1512 2440 1602 2504 ab
1631 2439 1892 2504 influxu
1924 2439 2179 2505 Divino
2206 2441 2591 2518 abstrahat,
2620 2454 2692 2508 et
2712 2464 2851 2508 non

601 2535 861 2619 aliquid
904 2545 1298 2612 externum,
1347 2535 1530 2618 quod
1573 2536 1757 2617 apud
1802 2535 2155 2600 hominem
2200 2537 2275 2600 in
2322 2535 2663 2619 loquelam
2710 2539 2853 2621 ejus

605 2651 698 2695 ex
729 2630 880 2696 aliis
911 2631 1448 2714 cogitationibus
1478 2629 1782 2697 infertur.
1876 2629 2111 2714 (Quod
2144 2631 2549 2715 angelorum
2582 2633 2853 2717 loquela

605 2728 697 2792 sit
743 2726 1015 2810 loquela
1060 2728 1506 2809 cogitationis
1567 2738 1642 2791 et
1708 2725 2085 2793 affefitionis
2121 2746 2378 2804 eorum,
2426 2728 2741 2793 videatur
2785 2751 2848 2795 n.

607 2822 954 2905 234-245.)
1038 2821 1156 2886 Ad
1189 2822 1402 2887 talem
1431 2822 1837 2905 angelorum
1862 2823 2275 2904 sapientiam
2299 2825 2651 2905 conspirat
2682 2845 2851 2908 quo·

605 2938 736 3001 que
755 2918 848 2993 id,
871 2917 1054 3000 quod
1075 2919 1306 2981 omnia
1324 2938 1496 3001 quae
1523 2918 1741 2983 oculis
1756 2918 1996 2982 vident
2017 2929 2089 2981 et
2114 2918 2427 2981 sensibus
2448 2920 2850 3003 percipiunt,

605 3012 1036 3077 concordent
1089 3014 1468 3095 sapientiae
1527 3031 1785 3088 eorum,
1833 3012 2157 3096 quoniam
2202 3015 2853 3095 correspondentiae

605 3118 787 3183 sunt,
823 3120 896 3172 et
935 3108 1092 3172 inde
1129 3107 1400 3191 objecta
1437 3108 1697 3173 formae
1730 3109 2363 3189 repraesentativae
2402 3109 2643 3173 talium
2680 3131 2855 3195 quae

605 3214 766 3267 sunt
790 3204 1196 3286 sapientiae.
1277 3202 1514 3285 (Quod
1546 3204 1781 3267 omnia
1803 3222 1977 3285 quae
2014 3203 2081 3265 in
2106 3202 2316 3267 caelis
2348 3216 2685 3286 apparent
2714 3208 2851 3270 sint

601 3299 1254 3379 correspondentiae
1286 3318 1442 3363 cum
1475 3297 1911 3363 interioribus
1935 3297 2360 3379 angelorum,
2394 3309 2467 3361 et
2498 3300 2683 3381 quod
2716 3302 2853 3365 sint

604 3396 1280 3478 repraesentationes
1341 3394 1721 3477 sapientiae
1776 3392 2069 3467 illorum,
2130 3393 2447 3456 videatur
2502 3414 2725 3476 supra,
2788 3414 2851 3459 n.

615 3490 954 3572 170-182.)
1049 3490 1415 3553 Praeterea
1463 3488 1869 3570 angelorum
1912 3487 2377 3569 cogitationes
2424 3508 2561 3552 non
2610 3488 2851 3553 finiun-

603 3596 716 3651 tur
765 3595 840 3650 et
899 3582 1300 3649 coactantur
1347 3604 1470 3667 per
1517 3584 1711 3647 ideas
1758 3604 1851 3647 ex
1902 3583 2130 3666 spatio
2178 3593 2249 3648 et
2302 3594 2636 3665 tempore,
2676 3584 2851 3649 sicut

604 3682 1068 3765 cogita-tiones
1113 3679 1474 3755 humanae,
1515 3698 1674 3743 nam
1724 3679 1947 3762 spatia
1998 3687 2073 3743 et
2128 3688 2467 3761 tempora.
2493 3687 2651 3742 sunt
2694 3699 2850 3763 pro-

603 3778 746 3859 pria
787 3788 1094 3852 naturae,
1131 3786 1202 3839 et
1234 3777 1506 3857 propria
1538 3784 1822 3842 naturae
1854 3774 2203 3837 abducunt
2238 3785 2543 3837 mentem
2580 3794 2623 3837 a
2658 3776 2849 3857 spiri-

603 3872 926 3945 tualibuS,
945 3881 1018 3934 et
1039 3870 1352 3934 auserunt
1367 3869 1538 3933 visui
1561 3866 2015 3933 intellectuali
2036 3870 2539 3933 extensionem.
2616 3867 2851 3952 (Quod

603 3966 1006 4049 angelorum
1057 3966 1258 4030 ideae
1317 3965 1457 4029 sint
1509 3964 1770 4047 absque
1821 3973 2138 4048 tempore
2197 3974 2269 4028 et
2328 3964 2579 4047 spatio,
2628 3975 2703 4028 et
2755 3966 2851 4029 sic

602 4062 996 4127 illimitatae
1043 4082 1207 4144 prae
1261 4061 1599 4137 humaniS,
1649 4060 1967 4123 videatur
2012 4080 2235 4143 supra,
2286 4080 2349 4123 n.
2422 4059 2730 4141 162-169,
2778 4070 2851 4126 et

611 4156 950 4239 191—199.)
1059 4154 1498 4237 Angelorum
1550 4156 2020 4237 cogitationes
2079 4174 2206 4217 nee
2275 4154 2707 4218 deducuntur
2763 4156 2852 4219 ad

604 4253 964 4317 terrestria
1023 4261 1096 4317 et
1166 4250 1577 4327 materialia,
1626 4270 1755 4314 nec
1802 4250 2309 4332 interpolantur
2366 4250 2455 4313 ab
2512 4250 2850 4332 aliquibus

605 4350 782 4413 curis
819 4348 906 4411 de
945 4347 1480 4411 necessitatibus
1510 4348 1719 4419 vitae,
1754 4346 1855 4409 ita
1887 4366 2007 4429 per
2035 4346 2155 4408 illa
2186 4365 2312 4409 nec
2345 4346 2782 4409 abducuntur
2812 4366 2852 4410 a

603 4443 987 4528 sapientiae
1005 4441 1346 4525 jucundis,
1374 4442 1552 4505 sicut
1578 4442 2049 4523 cogitationes
2074 4441 2425 4504 hominum
2452 4442 2519 4504 in
2552 4440 2805 4504 mundo
2832 4462 2847 4521 ;

604 4538 836 4604 omnia
871 4538 1052 4601 enim
1091 4536 1225 4601 illis
1255 4536 1541 4599 veniunt
1574 4536 1793 4617 gratis
1830 4556 1871 4599 a
1910 4534 2233 4613 Domino,
2268 4536 2655 4599 vestiuntur
2688 4552 2847 4617 gra·

605 4635 716 4708 tis,
757 4634 1152 4699 nutriuntur
1189 4632 1429 4715 gratis,
1467 4631 1790 4696 habitant
1827 4632 2047 4715 gratis
2084 4628 2178 4715 (n.
2220 4628 2537 4714 181—190)
2568 4652 2585 4709 3
2632 4644 2705 4697 et
2742 4631 2846 4695 in-
