3371 5304
452 594 461 601 '
546 606 675 671 290
1185 606 1287 655 DE
1330 602 1581 653 cal-:Lo
1626 602 1724 655 ΕΤ
1771 602 2134 655 mmmm.

546 772 828 837 audiunt
874 772 1064 837 alios.
1154 771 1460 837 Locutus
1506 772 1717 839 etiam
1763 792 1910 837 sum
1955 791 2109 839 cum
2154 772 2488 857 aliquibus
2532 776 2644 859 qui
2701 777 2768 839 in

548 869 802 932 mundo
839 869 1055 931 multa
1100 870 1535 951 scripserunt,
1572 876 1647 933 et
1692 869 1964 951 quidem
1997 870 2076 931 'in
2119 868 2512 934 scientificis
2549 871 2770 935 omnis

544 964 838 1044 generis„
873 972 945 1027 et
981 963 1221 1045 quibus
1250 963 1409 1027 inde
1440 962 1621 1027 fama
1650 963 2048 1028 eruditionis
2079 963 2296 1029 fuerat
2329 984 2448 1046 per
2478 966 2768 1029 multum

545 1058 747 1120 orbis.
836 1056 1069 1139 Aliqui
1091 1076 1324 1121 eorum
1348 1056 1623 1139 quidem
1646 1058 2036 1121 ratiocinari
2067 1068 2435 1140 potuerunt
2461 1059 2547 1123 de
2569 1060 2766 1135 veriS,

548 1172 707 1215 num
752 1171 913 1215 vera
970 1153 1108 1215 sint
1165 1151 1276 1215 vel
1338 1172 1474 1215 non
1533 1172 1735 1230 vera;
1795 1152 2002 1236 aliqui
2059 1153 2576 1229 intellexerunt,
2616 1172 2767 1219 cum

547 1246 857 1311 conversi
901 1256 1063 1311 sunt
1106 1245 1193 1309 ad
1244 1246 1402 1309 illos
1444 1247 1559 1329 qui
1610 1247 1677 1310 in
1737 1247 1886 1311 luce
1931 1248 2072 1311 veri
2117 1258 2336 1323 erant,
2383 1248 2566 1330 quod
2611 1268 2770 1311 vera

546 1350 801 1415 essent,
840 1339 964 1403 sed
1000 1360 1212 1422 usque
1250 1359 1389 1403 non
1426 1341 1790 1405 voluerunt
1827 1340 1944 1405 illa
1979 1340 2388 1423 intelligere,
2429 1361 2768 1424 quaprop-

544 1444 654 1498 ter
684 1435 1036 1517 negabant
1073 1435 1191 1499 illa
1220 1454 1375 1498 cum
1410 1434 1477 1498 in
1510 1436 1646 1498 suis
1676 1435 1866 1499 falsis
1902 1446 1974 1500 et
2013 1437 2107 1500 sic
2145 1436 2212 1499 in
2249 1457 2322 1499 se
2361 1444 2599 1515 erant;
2645 1434 2769 1499 ali-

545 1530 658 1613 qui
695 1550 833 1593 non
866 1530 1019 1613 plus
1051 1540 1421 1611 sapuerunt
1454 1550 1657 1612 quam
1689 1530 1936 1613 vulgus
1967 1531 2418 1609 ineruditum;
2463 1532 2566 1595 ita
2599 1550 2770 1593 unus

545 1635 618 1688 et
664 1624 841 1689 alter
878 1625 1359 1699 diversimode,
1394 1625 1571 1688 sicut
1617 1644 1738 1707 per
1776 1624 2169 1701 scientifica,
2205 1644 2376 1707 quae
2421 1624 2767 1706 conscrip-

546 1721 634 1784 sit
679 1730 751 1783 et
798 1721 1185 1801 exscripsit,
1226 1719 1534 1784 excoluit
1570 1720 1911 1784 rationale
1949 1739 2180 1783 suum:
2241 1720 2341 1784 illi
2383 1731 2612 1784 autem
2658 1720 2772 1802 qui

546 1825 792 1880 contra
828 1835 990 1879 vera
1026 1815 1359 1878 ecclesiae
1392 1813 1685 1889 fuerunt,
1721 1824 1794 1879 et
1831 1816 2316 1897 cogitaverunt
2353 1836 2445 1879 ex
2491 1815 2770 1878 scienti—

544 1910 709 1985 ficis,
746 1919 820 1974 et
864 1930 938 1974 se
982 1909 1555 1973 confirmaverunt
1600 1930 1721 1991 per
1765 1929 1847 1974 ea
1890 1912 1958 1973 in
2004 1910 2212 1984 salsiS,
2255 1930 2391 1973 non
2435 1909 2771 1975 rationale

546 2024 736 2068 suum
761 2003 1235 2081 excoluerunt,
1264 2004 1386 2068 sed
1420 2003 1629 2069 modo
1656 2004 2059 2068 facultatem
2091 2005 2564 2083 ratiocinandi,
2597 2026 2772 2089 quae

542 2099 834 2163 facultas
866 2100 934 2161 in
964 2098 1220 2161 mundo
1251 2098 1550 2162 creditur
1574 2119 1726 2161 esse
1749 2098 2222 2177 rationalitas;
2269 2100 2391 2163 sed
2423 2110 2530 2164 est
2559 2099 2770 2163 facul-

546 2205 656 2259 tas
680 2203 998 2275 separata
1022 2214 1063 2256 a
1086 2193 1559 2258 rationalitate
1581 2214 1597 2271 ;
1635 2203 1745 2259 est
1768 2192 2058 2258 facultas
2083 2192 2529 2259 confirmandi
2553 2194 2770 2277 quod-

545 2308 807 2370 cunque
846 2287 1059 2361 lubet,
1098 2297 1171 2351 et
1216 2308 1309 2352 ex
1346 2288 1692 2369 principiis
1729 2288 1946 2372 captis
1981 2297 2056 2352 et
2093 2308 2183 2352 ex
2220 2286 2505 2354 fallaciis
2541 2289 2772 2355 videre

544 2373 716 2447 falsa
744 2392 815 2446 et
848 2402 987 2446 non
1018 2401 1217 2446 vera:
1268 2382 1445 2445 tales
1472 2400 1800 2463 nusquam
1833 2382 2049 2465 redigi
2081 2391 2367 2464 possunt
2399 2384 2487 2447 ad
2519 2404 2773 2467 agnos-

545 2475 841 2541 cendum
877 2497 1061 2551 vera,
1102 2478 1422 2559 quoniam
1470 2496 1561 2541 ex
1605 2476 1792 2540 salsis
1839 2496 1975 2541 non
2013 2477 2226 2541 videri
2263 2488 2552 2559 possunt
2589 2498 2770 2553 vera,

544 2574 667 2637 sed
712 2594 803 2637 ex
849 2574 1026 2637 veris
1062 2580 1352 2656 possunt
1390 2572 1603 2635 videri
1648 2570 1838 2635 falsa.
1930 2572 2297 2635 Rationale
2330 2570 2626 2637 hominis
2663 2583 2772 2637 est

545 2668 765 2732 simile
801 2667 1007 2732 horto
1044 2676 1116 2732 et
1152 2667 1416 2741 fimeto,
1453 2677 1527 2731 ut
1572 2676 1645 2730 et
1684 2665 1950 2730 novali:
1999 2667 2327 2732 memoria
2357 2678 2468 2732 est
2503 2666 2770 2745 humuS,

543 2784 707 2828 vera
742 2761 1119 2828 scientifica
1154 2771 1226 2826 et
1273 2763 1711 2844 cognitiones
1747 2771 1906 2826 sunt
1943 2765 2242 2841 semina3
2303 2762 2424 2826 lux
2469 2773 2542 2827 et
2587 2763 2775 2828 calor

543 2859 719 2923 caeli
756 2859 1163 2941 producunt,
1204 2858 1461 2940 absque
1502 2856 1635 2921 illis
1680 2855 1870 2942 nulla
1905 2857 2396 2940 egerminatio:
2457 2858 2559 2922 ita
2603 2878 2772 2941 quo-

544 2975 675 3037 que
718 2953 795 3018 fit
840 2954 965 3018 nisi
1012 2953 1132 3015 lux
1178 2953 1350 3016 caeli
1395 2972 1570 3035 quae
1614 2963 1724 3017 est
1771 2952 2094 3015 Divinum
2139 2951 2421 3027 Verum,
2459 2973 2538 3018 ac
2587 2953 2776 3018 calor

545 3048 718 3112 caeli
748 3049 860 3131 qui
896 3056 1003 3112 est
1038 3047 1323 3110 Divinus
1355 3046 1597 3124 Amor,
1632 3047 2130 3125 admittuntur-3
2175 3067 2268 3112 ex
2305 3047 2438 3112 illis
2469 3047 2634 3112 solis
2665 3059 2774 3113 est

545 3142 902 3208 rationale.
992 3143 1252 3206 Dolent
1316 3159 1521 3224 quam
1588 3143 1894 3206 maxime
1960 3141 2213 3224 angeli,
2277 3143 2459 3224 quod
2527 3143 2774 3208 eruditi

545 3237 773 3320 quoad
805 3237 1092 3301 multam
1126 3246 1393 3318 partem
1427 3245 1710 3302 naturae
1741 3237 2138 3301 adscribant
2183 3237 2434 3312 omnia,
2473 3247 2546 3302 et
2591 3239 2774 3320 quod

546 3331 703 3398 inde
749 3330 1162 3396 occluserint
1205 3332 1331 3396 sibi
1375 3333 1702 3395 interiora
1745 3351 1918 3414 quae
1965 3331 2216 3395 mentis
2253 3351 2436 3407 suae,
2484 3340 2559 3397 ut
2605 3332 2774 3397 nihil

544 3427 687 3492 veri
716 3445 807 3490 ex
838 3425 990 3489 luce
1021 3427 1183 3502 veri,
1216 3445 1347 3510 que
1378 3435 1485 3490 est
1518 3425 1638 3489 lux
1676 3425 1870 3500 caeli,
1903 3425 2133 3490 videre
2165 3427 2432 3508 possint
2460 3445 2477 3488 τ
2525 3425 2774 3490 orban-

545 3531 656 3586 tur
698 3521 855 3585 ideo
900 3521 970 3584 in
1014 3520 1235 3586 altera
1278 3521 1425 3586 vita
1457 3520 1788 3586 facultate
1824 3521 2293 3596 ratiocinandi,
2329 3540 2416 3584 ne
2461 3519 2773 3585 dissemi-

546 3625 714 3680 nent
737 3615 912 3680 falsa
934 3635 1055 3698 per
1076 3616 1434 3680 ratiocinia
1459 3617 1638 3679 inter
1660 3615 2006 3698 simplices
2030 3615 2272 3691 bonos,
2299 3625 2374 3680 et
2397 3615 2728 3680 seducant
2755 3637 2772 3694 ;

544 3731 625 3774 ac
664 3711 1032 3776 mittuntur
1068 3711 1135 3774 in
1174 3711 1329 3775 loca
1362 3711 1658 3775 deserta.

669 3806 880 3888 465.
940 3804 1235 3887 Quidam
1274 3806 1549 3886 spiritus
1585 3805 1984 3886 indignatus
2021 3805 2204 3888 quod
2249 3825 2388 3871 non
2425 3805 2774 3870 meminis—

546 3911 653 3965 set
677 3902 967 3985 plurium
992 3921 1165 3983 quae
1196 3900 1265 3964 in
1290 3901 1433 3964 vita
1454 3900 1758 3982 corporis
1781 3901 1996 3978 novit,
2023 3901 2266 3965 dolens
2291 3901 2381 3966 ob
2401 3895 2776 3980 jucundum

546 3996 726 4078 quod
760 3996 1011 4070 amisit,
1050 4015 1187 4078 quo
1246 3995 1549 4060 maxime
1584 3991 1970 4059 delectatus
2011 3995 2278 4060 fuerat:
2347 3994 2470 4059 sed
2516 3993 2774 4060 dictum

545 4101 653 4155 est
691 4091 775 4166 ei,
816 4089 999 4174 quod
1038 4109 1311 4172 prorsus
1348 4088 1515 4152 nihil
1551 4088 1876 4164 amiserit,
1912 4098 1984 4153 et
2019 4091 2201 4172 quod
2232 4091 2406 4155 sciat
2435 4092 2666 4155 omnia
2701 4100 2776 4155 et

546 4185 859 4266 singula3
912 4193 985 4250 et
1030 4185 1213 4268 quod
1258 4185 1327 4247 in
1370 4184 1493 4247 illo
1528 4183 1808 4258 mundo,
1849 4183 1960 4247 ubi
2005 4203 2182 4248 nunc
2219 4195 2351 4260 est,
2391 4204 2532 4251 non
2569 4185 2776 4251 liceat

545 4281 607 4345 ei
664 4278 837 4344 talia
882 4280 1305 4363 depromere,
1360 4288 1433 4342 et
1489 4279 1673 4360 quod
1719 4278 1892 4341 satis
1947 4279 2038 4342 sit
2085 4279 2268 4360 quod
2322 4299 2499 4344 nunc
2555 4277 2776 4361 possit

548 4373 771 4441 multo
800 4373 1040 4440 melius
1076 4384 1148 4438 et
1188 4369 1546 4456 perfe6tius
1576 4373 1888 4454 cogitare
1925 4381 1998 4438 et
2037 4373 2241 4457 loqui,
2277 4393 2402 4438 nec
2440 4374 2778 4438 rationale

548 4489 745 4536 suum
788 4471 1215 4550 immergere,
1266 4478 1339 4532 ut
1386 4469 1587 4549 prius,
1636 4468 1869 4533 densis
1913 4468 2241 4544 obscuris,
2289 4469 2773 4544 materialibus,

552 4574 621 4630 et
658 4565 1025 4648 corporeiS,
1059 4583 1232 4647 quae
1264 4562 1514 4628 nullius
1544 4583 1704 4628 usus
1733 4573 1894 4627 sunt
1932 4562 2000 4626 in
2033 4581 2248 4646 regno
2279 4565 2346 4626 in
2385 4565 2564 4647 quod
2598 4582 2774 4627 nunc
