3371 5304
1089 616 1190 666 DE
1239 616 1596 682 LOQUELA
1643 620 2148 676 ANGELORUM.
2632 631 2749 698 137

504 804 658 849 cum
703 787 1042 852 sistuntur
1087 789 1324 864 videri,
1371 791 1551 855 sicut
1598 793 1825 856 tenuis
1868 796 2053 859 unda
2096 815 2219 861 seu
2262 799 2750 882 atmosphaera

503 881 996 960 circumfluens,
1021 884 1092 947 in
1122 905 1257 968 qua
1287 895 1448 949 sunt
1481 887 2007 952 innumerabilia
2036 891 2105 953 in
2135 909 2261 955 suo
2284 893 2544 969 ordine,
2571 915 2747 976 quae

501 997 592 1040 ex
624 979 964 1061 sapientia
994 977 1286 1056 illorum,
1321 989 1394 1044 et
1427 1002 1605 1065 quae
1635 983 1902 1048 intrant
1933 985 2211 1050 alterius
2243 988 2743 1069 cogitationem

501 1084 573 1137 et
609 1071 934 1138 afficiunt.
1027 1074 1235 1139 Ideae
1273 1077 1727 1158 cogitationis
1757 1079 2050 1161 cujusvis
2089 1089 2233 1144 tam
2271 1083 2503 1164 angeli
2539 1103 2743 1166 quam

501 1169 796 1232 hominis
827 1169 1160 1234 sistuntur
1194 1171 1534 1236 videndae
1579 1173 1650 1236 in
1696 1172 1849 1238 luce
1888 1175 2083 1250 caeli,
2127 1176 2403 1259 quando
2442 1177 2745 1242 Domino

501 1263 840 1347 placet.(⁰⁰)

623 1372 812 1442 241.
869 1360 1132 1444 Angeli
1156 1362 1270 1445 qui
1299 1381 1340 1426 e
1370 1382 1590 1445 regno
1611 1363 1898 1428 caelesti
1938 1365 2217 1430 Domini
2240 1376 2425 1443 sunt,
2452 1366 2741 1452 loquun-

500 1465 611 1520 tur
647 1455 961 1521 similiter
999 1466 1073 1520 ut
1111 1457 1346 1540 angeli
1381 1459 1496 1541 qui
1533 1479 1572 1522 e
1609 1479 1831 1541 regno
1868 1461 2208 1542 spirituali
2247 1461 2572 1538 Domini;
2619 1463 2741 1527 sed

501 1552 728 1634 angeli
767 1552 1110 1617 caelestes
1146 1573 1238 1617 ex
1277 1554 1598 1618 interiore
1631 1557 2061 1636 cogitatione
2097 1576 2301 1640 quam
2334 1557 2563 1639 angeli
2602 1559 2741 1642 spi-

439 1713 442 1720 ,
499 1647 780 1712 rituales
808 1668 825 1726 ;
874 1658 946 1713 et
977 1650 1134 1731 quia
1159 1648 1392 1730 angeli
1424 1649 1765 1714 caelestes
1798 1651 1868 1713 in
1900 1651 2085 1715 bono
2116 1652 2367 1716 amoris
2397 1653 2464 1715 in
2502 1652 2740 1717 Domi·

502 1762 660 1807 num
717 1752 898 1818 sunt,
949 1742 1320 1826 loquuntur
1379 1765 1470 1808 ex
1529 1745 1891 1826 sapientia,
1938 1755 2011 1809 et
2072 1745 2303 1828 angeli
2356 1746 2743 1830 spirituales

499 1839 656 1920 quia
698 1839 766 1901 in
812 1839 998 1902 bono
1035 1838 1395 1910 charitatis
1431 1859 1598 1921 erga
1633 1841 2024 1922 proximum
2062 1850 2239 1916 sunt,
2278 1841 2461 1924 quod
2506 1842 2575 1905 in
2620 1863 2743 1908 sua

499 1935 802 1998 essentia
845 1943 954 1996 est
1000 1951 1236 1998 verum
1287 1931 1382 2015 (n.
1441 1933 1620 2016 215),
1669 1933 2045 2017 loquuntur
2103 1956 2194 1999 ex
2248 1936 2740 2019 intelligentia,

500 2048 657 2093 nam
723 2049 814 2092 ex
880 2029 1066 2093 bono
1112 2038 1220 2091 est
1281 2027 1641 2110 sapientia,
1713 2039 1785 2094 et
1851 2050 1943 2094 ex
2010 2050 2177 2094 vero
2232 2030 2693 2113 intelligentia
2724 2053 2738 2094 :

499 2124 660 2188 inde
697 2123 974 2207 loquela
1012 2123 1416 2205 angelorum
1456 2123 1865 2188 caelestium
1912 2133 2021 2190 est
2065 2126 2280 2188 instar
2320 2125 2493 2190 lenis
2536 2125 2739 2202 fluvii,

499 2218 726 2282 mollis
763 2228 839 2283 et
882 2219 1075 2302 quasi
1113 2218 1466 2294 continua,
1505 2219 1628 2282 sed
1667 2218 1945 2301 loquela
1980 2219 2385 2302 angelorum
2424 2221 2741 2303 spiritua·

500 2314 662 2377 lium
722 2322 830 2377 est
890 2313 1167 2396 paulum
1225 2314 1596 2377 vibratoria
1654 2321 1728 2377 et
1785 2314 2129 2379 discreta:
2200 2316 2413 2379 etiam
2470 2315 2744 2398 loquela

498 2409 900 2492 angeloru’m
933 2409 1338 2473 caelestium
1365 2417 1573 2472 sonat
1605 2407 1899 2472 multum
1932 2431 2025 2473 ex
2056 2410 2411 2474 vocalibus
2441 2411 2509 2475 U
2541 2421 2617 2476 et
2654 2409 2739 2485 O,

499 2515 572 2569 at
634 2502 905 2587 loquela
950 2502 1355 2585 angelorum
1402 2503 1858 2585 spiritualium
1905 2525 1995 2568 ex
2041 2505 2395 2570 vocalibus
2442 2505 2503 2569 E
2549 2517 2621 2570 et
2670 2504 2741 2584 1;
2833 2513 2838 2517 '

499 2599 777 2665 vocales
813 2600 997 2665 enim
1029 2607 1190 2665 sunt
1230 2619 1354 2682 pro
1391 2619 1587 2675 sono,
1622 2607 1696 2663 et
1734 2599 1803 2664 in
1842 2619 2015 2664 sono
2047 2610 2157 2665 est
2196 2599 2508 2680 affefiti03
2556 2619 2739 2675 nam,

502 2708 576 2761 ut
633 2715 840 2778 supra
879 2694 976 2775 (n.
1020 2695 1176 2778 236)
1226 2692 1484 2761 dictum
1545 2705 1678 2769 est,
1721 2716 1931 2760 sonus
1976 2694 2292 2779 loquelae
2336 2695 2739 2779 angelorum

501 2791 1000 2874 correspondet
1045 2787 1410 2869 affectioni,
1453 2799 1526 2855 et
1570 2790 2099 2855 articulationes
2144 2793 2318 2867 soni,
2359 2812 2533 2873 quae
2580 2800 2742 2855 sunt

501 2906 729 2962 voces,
757 2885 1303 2969 correspondent
1333 2886 1504 2949 ideis
1536 2885 1988 2967 cogitationis
2020 2906 2196 2968 quae
2230 2906 2325 2949 ex
2360 2884 2741 2949 affectione.

503 2980 849 3064 Quoniam
884 2980 1166 3045 vocales
1211 3000 1350 3045 non
1389 2982 1743 3063 pertinent
1788 2982 1875 3044 ad
1924 2980 2254 3063 linguam,
2296 2980 2419 3045 sed
2464 2980 2553 3045 ad
2598 2980 2741 3044 ele·

502 3080 853 3142 vationem
887 3094 1134 3140 vocum
1171 3076 1316 3158 ejus
1353 3096 1474 3161 per
1510 3094 1757 3139 sonum
1804 3076 1892 3140 ad
1937 3077 2164 3145 varias
2198 3072 2595 3139 affectiones
2632 3094 2737 3139 se·

503 3172 798 3236 cundum
845 3172 1140 3253 cujusvis
1177 3181 1460 3247 statum,
1502 3171 1660 3235 ideo
1704 3172 1773 3235 in
1820 3169 2059 3252 lingua
2105 3169 2428 3234 Hebraea
2463 3170 2743 3235 vocales

503 3288 638 3331 non
685 3287 1059 3350 expressae
1105 3276 1290 3343 sunt,
1337 3276 1411 3330 et
1471 3286 1743 3349 quoque
1787 3266 1974 3329 varie
2020 3267 2481 3329 enuntiantur.
2572 3266 2743 3331 Inde

502 3363 731 3444 angeli
785 3371 1218 3445 cognoscunt
1283 3360 1486 3444 quale
1541 3360 1839 3424 hominis
1906 3360 2131 3443 quoad
2178 3358 2607 3423 affectionem
2668 3369 2741 3424 et

501 3476 825 3523 amorem.
915 3456 1228 3539 Loquela
1271 3454 1676 3538 angelorum
1724 3453 2125 3519 caelestium
2172 3462 2281 3518 est
2325 3455 2537 3519 etiam
2583 3454 2739 3517 abs-

1308 3685 1385 3735 (ιι
1411 3692 1607 3725 murs
1629 3682 1962 3735 cm.)

614 3802 720 3871 (oo)
771 3798 952 3872 Quod
981 3800 1039 3854 in
1067 3816 1187 3854 una
1212 3799 1349 3854 idea
1365 3815 1440 3854 co
1486 3797 1755 3853 ‘tationis
1782 3796 2241 3853 innumerabilia
2266 3796 2452 3852 insint
2478 3800 2561 3867 (n.
2594 3798 2743 3859 1008,

511 3872 662 3941 1869·
688 3872 846 3940 4946.
873 3871 1016 3941 66¹3
1052 3870 1210 3940 ⁶615.
1236 3870 1394 3937 6617.
1501 3870 1606 3937 ¹8)-

610 3940 790 4015 Quod
821 3942 991 3997 ideae
1015 3941 1404 4025 cogitationis
1430 3939 1695 3995 hominis
1720 3938 2067 4009 aperiantur
2096 3938 2155 3992 in
2188 3938 2377 3993 altera
2401 3938 2542 4000 vita,
2568 3950 2632 3993 et
2667 3940 2743 3993 ad

505 4014 709 4068 vivum
734 4012 1026 4068 sistantur
1046 4012 1362 4075 videndae,
1387 4012 1596 4083 quales
1621 4020 1766 4065 sunt
1796 4012 1875 4076 (n.
1906 4009 2061 4079 1869,
2089 4023 2244 4078 3310,
2274 4022 2301 4078 5
2310 4011 2455 4078 510).

669 4083 834 4139 uales
857 4092 1146 4153 apparent
1175 4084 1254 4149 (n.
1279 4080 1474 4151 62011?
1493 4080 1675 4149 6200J,
1704 4078 1888 4149 8885).

671 4154 791 4208 uod
830 4154 1000 4209 ideae
1035 4154 1384 4225 angelorum
1416 4152 1612 4207 intimi
1641 4152 1791 4207 caeli
1827 4160 2155 4223 appareant
2192 4150 2385 4205 instar
2404 4148 2557 4205 lucis
2578 4148 2746 4203 flam-

508 4226 793 4368 megug‘d
811 4224 1014 4350 6i6d¹e⁵ge
1062 4293 1412 4366 angelorum
1451 4293 1648 4349 ultimi
1688 4291 1841 4349 caeli
1885 4299 2217 4363 appareant
2267 4290 2457 4347 instar
2494 4290 2743 4345 nubium

506 4366 778 4421 tenuium
803 4365 1193 4420 candidarum
1224 4367 1303 4432 (n.
1328 4365 1470 4430 6614
1499 4406 1512 4420 .

621 4436 762 4491 Idea
785 4437 916 4491 visa
939 4436 1154 4508 angeli,
1173 4452 1210 4491 e
1233 4452 1352 4521 qua
1375 4450 1442 4491 ra
1487 4434 1634 4491 iatio
1651 4435 1728 4489 ad
1758 4432 2084 4489 Dominum
2114 4434 2197 4501 (n.
2220 4431 2409 4500 6620).

616 4507 794 4581 Quod
829 4508 997 4563 ideae
1026 4506 1412 4578 cogitationis
1442 4522 1506 4561 se
1536 4506 1869 4561 extendant
1898 4504 2095 4575 ample
2128 4503 2189 4557 in
2218 4503 2537 4559 societates
2566 4514 2746 4575 ange-

509 4580 703 4635 lorum
731 4578 1115 4634 circumcirca
1142 4580 1224 4645 (n.
1250 4576 1615 4647 6598-6613).
