3371 5304
577 617 703 702 336
1213 633 1316 684 m:
1360 632 1615 684 CAELo
1661 634 1759 684 E‘r
1805 634 2169 687 INFERNO.

571 803 674 867 ita
697 821 836 868 non
861 823 953 868 ex
979 801 1110 867 fide
1135 801 1264 868 nisi
1288 809 1622 888 quantum
1649 800 1818 868 fides
1844 802 2057 870 trahit
2089 825 2181 870 ex
2205 824 2461 873 amore.
2548 805 2817 874 Dolent

569 897 825 980 angeli,
875 897 1058 982 quod
1105 896 1308 962 iidem
1359 917 1497 962 non
1543 898 1768 962 sciant
1806 897 1989 982 quod
2036 899 2187 964 sola
2230 899 2398 965 fides
2443 903 2625 986 apud
2682 901 2813 968 ali-

569 1013 773 1077 quem
820 1012 957 1056 non
1005 992 1250 1056 dabilis
1305 993 1417 1068 sit,
1465 993 1791 1076 quoniam
1838 991 2007 1058 fides
2052 994 2312 1079 absque
2358 997 2621 1078 origine
2664 1018 2809 1073 sua,

567 1109 744 1172 quae
789 1098 896 1153 est
935 1108 1148 1164 amor,
1189 1098 1296 1152 est
1341 1087 1552 1151 modo
1589 1088 1900 1164 scientia,
1938 1100 2013 1153 et
2058 1091 2239 1174 apud
2276 1093 2611 1174 quosdam
2657 1114 2811 1176 per·

565 1183 912 1248 suasivum
958 1184 1119 1266 quid
1178 1181 1362 1266 quod
1425 1184 1758 1250 mentitur
1814 1182 2021 1249 fidem
2070 1184 2418 1268 (videatur
2472 1207 2701 1271 supra,
2742 1209 2811 1252 n.

563 1278 722 1362 482)
755 1301 772 1358 ;
819 1280 1002 1363 quod
1037 1280 1500 1363 persuasivum
1532 1299 1671 1343 non
1704 1289 1811 1344 est
1839 1279 1907 1344 in
1939 1281 2083 1346 vita
2112 1280 2428 1358 hominis,
2450 1284 2574 1348 sed
2606 1293 2812 1348 extra

563 1373 777 1450 illam,
817 1394 976 1438 nam
1037 1384 1393 1456 separatur
1451 1373 1541 1438 ab
1597 1372 1901 1450 homine,
1957 1375 2013 1438 si
2072 1395 2211 1440 non
2269 1377 2597 1443 cohaeret
2652 1398 2807 1445 cum

561 1489 817 1534 amore.
910 1467 1118 1534 Porro
1151 1469 1498 1544 dixerunt,
1533 1468 1716 1552 quod
1750 1471 1862 1551 qui
1896 1471 1965 1534 in
2005 1471 2129 1536 tali
2166 1472 2496 1555 principio
2528 1485 2691 1538 sunt
2721 1476 2807 1539 de

561 1564 916 1629 essentiali
955 1565 1185 1628 medio
1217 1563 1460 1628 salutis
1492 1562 1672 1645 apud
1710 1561 2087 1642 hominem,
2122 1586 2259 1630 non
2298 1567 2502 1633 aliter
2536 1569 2805 1652 possint

559 1679 766 1742 quam
804 1660 1083 1724 credere
1121 1659 1590 1728 immediatam
1629 1659 2187 1737 misericordiam,
2227 1663 2385 1745 quia
2424 1663 2805 1744 percipiunt

560 1776 652 1818 ex
687 1753 982 1818 naturali
1016 1753 1289 1828 lumine,
1324 1763 1394 1818 et
1427 1774 1697 1837 quoque
1730 1774 1820 1816 ex
1861 1754 2101 1819 visuali
2132 1757 2587 1838 experientia,
2618 1760 2804 1842 quod

559 1847 730 1912 fides
777 1859 1097 1931 separata
1142 1869 1278 1911 non
1327 1848 1532 1912 faciat
1579 1848 1792 1910 vitam
1838 1847 2156 1925 hominis»,
2198 1851 2518 1934 quoniam
2566 1852 2803 1917 simili-

561 1953 670 2008 ter
715 1945 1025 2026 cogitare
1093 1953 1164 2008 et
1233 1943 1359 2006 sibi
1405 1943 1819 2025 persuadere
1863 1955 2153 2026 possunt
2200 1945 2298 2008 illi
2365 1947 2479 2029 qui
2548 1947 2801 2012 malam

555 2040 776 2102 vitam
822 2049 1082 2120 agunt;
1149 2039 1310 2102 inde
1370 2047 1500 2112 est,
1548 2038 1733 2121 quod
1781 2037 2102 2103 credatur
2147 2039 2327 2123 quod
2376 2040 2536 2104 mali
2585 2062 2801 2126 aeque

556 2133 808 2198 salvari
846 2135 1116 2217 possint
1163 2153 1242 2197 ac
1291 2133 1475 2208 boni,
1517 2131 1726 2196 modo
1785 2133 1851 2196 in
1899 2134 2139 2198 mortis
2177 2135 2348 2198 hora
2404 2157 2495 2200 ex
2557 2134 2802 2201 fiducia

556 2230 930 2312 loquantur
974 2229 1060 2292 de
1105 2223 1622 2304 interceSsione,
1664 2237 1736 2292 et
1784 2227 1869 2292 de
1917 2228 2381 2293 misericordia
2424 2251 2546 2312 per
2590 2230 2829 2304 illam„

557 2324 994 2388 Fatebantur
1037 2323 1290 2406 angeli,
1329 2321 1512 2406 quod
1560 2321 1784 2387 adhuc
1834 2323 2176 2388 neminem
2215 2325 2514 2389 viderint
2558 2347 2799 2409 recep-

554 2429 704 2484 tum
744 2419 812 2482 in
846 2418 1135 2494 caelum,
1169 2418 1281 2503 qui
1320 2416 1501 2482 male
1533 2417 1828 2494 vixerat,
1864 2439 1953 2481 ex
1988 2418 2388 2484 immediata
2419 2421 2799 2486 misericor·

555 2515 692 2590 dia,
733 2524 1077 2596 utcunque
1124 2534 1216 2576 ex
1263 2512 1510 2576 fiducia
1553 2532 1673 2576 seu
1721 2509 2158 2588 confidentia,
2206 2535 2381 2597 quae
2428 2535 2550 2596 per
2592 2513 2799 2580 fidem

552 2610 626 2674 in
672 2609 1020 2674 eminente
1074 2629 1280 2673 sensu
1326 2607 1761 2690 intelligitur,
1810 2606 2081 2674 locutus
2124 2607 2343 2674 suerat
2404 2610 2472 2674 in
2519 2611 2799 2676 mund0.

557 2703 674 2769 Ad
711 2703 1332 2787 interrogationem
1371 2704 1457 2767 de
1490 2702 1921 2779 AbrahamO,
1963 2702 2184 2778 Isaeo,
2222 2703 2505 2785 Jacobo,
2547 2716 2619 2769 et
2653 2704 2797 2767 Da-

553 2802 735 2874 vide,
771 2799 990 2883 deque
1025 2797 1408 2883 Apostolis‚
1443 2818 1675 2862 annon
1714 2797 1812 2863 illi
1845 2800 2105 2883 recepti
2143 2799 2389 2863 fuerint
2424 2800 2491 2863 in
2528 2800 2796 2866 caelum

555 2915 647 2959 ex
719 2893 1122 2959 immediata
1185 2891 1672 2967 misericordia,
1731 2894 2258 2974 responderunt,
2321 2894 2505 2976 quod
2571 2894 2797 2961 nullus

551 3009 832 3067 eorum3
901 2999 972 3054 et
1035 2989 1217 3073 quod
1273 2988 1731 3071 unusquisque
1777 2989 2150 3052 secundum
2210 2988 2426 3052 vitam
2480 3009 2671 3053 suam
2728 2992 2799 3055 in

553 3086 812 3149 mundo
841 3106 857 3162 ;
905 3095 978 3149 et
1010 3083 1191 3168 quod
1218 3084 1442 3147 sciant
1469 3084 1744 3147 ubinam
1778 3091 1939 3145 sunt
1968 3102 1984 3161 ς
2033 3091 2104 3146 et
2136 3081 2319 3165 quod
2354 3082 2445 3145 ibi
2478 3102 2617 3147 non
2644 3081 2796 3164 plus

550 3182 621 3251 in
681 3180 1166 3245 aestimatione
1213 3178 1374 3254 sint,
1415 3196 1620 3262 quam
1666 3176 1821 3241 alii:
1891 3176 2073 3260 quod
2122 3178 2481 3241 memorati
2526 3178 2669 3240 sint
2726 3177 2796 3240 in

552 3274 792 3339 Verbo
838 3294 991 3339 cum
1037 3274 1321 3348 honore,
1361 3272 1689 3337 dixerunt
1727 3290 2007 3335 causam
2053 3292 2227 3348 esse,
2268 3272 2425 3354 quia
2472 3292 2593 3354 per
2636 3270 2795 3336 illos

550 3373 621 3435 in
655 3390 860 3433 sensu
891 3369 1160 3434 interno
1193 3366 1602 3449 intelligitur
1627 3365 2002 3444 Dominus;
2050 3387 2173 3450 per
2200 3364 2795 3441 “Abrahamum,”

553 3458 944 3541 “Isaeum,'”
1001 3472 1072 3527 et
1136 3460 1583 3544 “Jacobum,”
1644 3460 1978 3525 Dominus
2036 3460 2261 3543 quoad
2323 3460 2647 3525 Divinum
2711 3480 2793 3527 ac

549 3560 876 3623 Divinum
947 3556 1384 3637 Humanum;
1453 3577 1574 3639 per
1643 3560 1683 3589 ‘⁴
1710 3554 2048 3620 Davidem
2070 3552 2102 3580 ”
2163 3554 2496 3619 Dominus
2563 3556 2791 3639 quoad

551 3655 878 3719 Divinum
919 3650 1216 3735 Regium
1247 3674 1264 3731 ;
1335 3662 1404 3719 et
1465 3672 1588 3734 per
1628 3649 2081 3735 “Apostolos
2104 3648 2135 3675 ''
2174 3649 2506 3714 Dominus
2564 3652 2793 3734 quoad

551 3750 801 3813 Divina
833 3746 1020 3813 Vera
1050 3770 1066 3826 ;
1113 3758 1184 3813 et
1216 3747 1399 3832 quod
1433 3766 1708 3829 prorsus
1742 3764 1879 3809 non
1913 3744 2384 3829 appercipiant
2415 3744 2672 3828 aliquid
2704 3746 2793 3811 de

548 3842 684 3909 illis
715 3863 869 3908 cum
905 3834 1155 3925 legitur
1183 3840 1490 3907 Verbum
1523 3840 1611 3905 ab
1641 3839 1942 3915 homine,
1970 3839 2289 3921 quoniam
2321 3841 2600 3903 nomina
2636 3839 2791 3905 illo-

547 3959 700 4004 rum
737 3958 875 4003 non
914 3940 1176 4002 intrant
1215 3936 1528 4014 caelum3
1596 3935 1720 3999 sed
1767 3954 1891 4017 pro
1938 3933 2072 3997 illis
2120 3932 2499 4017 percipiant
2548 3932 2789 3998 Domi·

549 4053 735 4109 num,
771 4044 846 4097 ut
884 4053 1048 4096 mox
1089 4029 1346 4097 dictum
1383 4040 1538 4108 est;
1587 4039 1658 4094 et
1697 4027 1879 4114 quod
1917 4028 2073 4092 ideo
2111 4030 2178 4092 in
2217 4027 2455 4092 Verbo
2491 4029 2673 4112 quod
2720 4029 2789 4094 in

548 4128 748 4193 caelo
793 4137 923 4204 est,
962 4128 1050 4191 de
1097 4148 1232 4210 quo
1278 4147 1481 4209 supra
1531 4123 1627 4207 (n.
1677 4121 1857 4206 259),
1908 4122 2147 4187 nullibi
2194 4124 2559 4187 memorati
2604 4123 2789 4203 sint3

547 4223 872 4307 quoniam
917 4222 987 4288 id
1019 4221 1329 4287 Verbum
1367 4230 1476 4285 est
1522 4238 1766 4283 sensus
1812 4219 2122 4282 internus
2160 4215 2371 4282 Verbi
2415 4219 2484 4282 in
2532 4217 2789 4282 mundo

547 4314 762 4383 est.(⁶‘)

1327 4504 1423 4557 unx
1447 4513 1642 4546 Ateium
1665 4502 2009 4553 camisos-ll

659 4598 764 4669 (cc)
817 4594 995 4673 Quod
1025 4614 1131 4670 per
1151 4605 1180 4628 ⁶·
1200 4594 2099 4659 Abrahamum‚’'“1sacum,”et
2122 4592 2508 4668 “Jacobuml’
2529 4594 2587 4649 in
2610 4610 2787 4651 sensu
