3371 5304
800 639 1249 696 UNIVERSUM
1281 639 1598 693 CAELUM
1638 639 1944 691 REFERT
1981 639 2203 692 UNUM
2244 637 2637 691 HOMINEM.
2760 641 2839 706 41

596 823 670 878 et
709 813 890 896 quod
928 811 1049 876 illa
1085 812 1225 877 sint
1264 813 1333 875 in
1372 811 1576 876 simili
1611 811 1852 887 forma,
1894 812 2052 894 quia
2087 810 2209 875 illa
2246 821 2467 894 agunt
2503 811 2573 874 in
2611 811 2845 892 singu·

597 908 933 971 latissima
994 908 1300 991 corporis
1361 907 1536 970 sicut
1604 908 1950 971 internum
2016 908 2084 969 in
2152 916 2561 984 externum3
2636 905 2848 970 homo
2967 912 2969 915 ’

594 1004 828 1086 itaque
867 1024 957 1067 ex
996 1003 1130 1067 illis
1161 1011 1451 1067 vocatur
1480 1004 1791 1067 internus
1823 1013 1895 1068 et
1934 1002 2305 1083 spiritualis
2337 1001 2566 1066 homo.
2656 999 2848 1065 Talis

595 1099 806 1163 homo
844 1100 913 1162 in
951 1099 1258 1162 maxima
1295 1108 1367 1163 et
1407 1097 1902 1181 perfectissima
1935 1096 2154 1162 forma
2190 1106 2299 1160 est
2338 1097 2623 1160 caelum.

725 1195 866 1258 61.
923 1194 1118 1257 Talis
1154 1195 1310 1258 idea
1347 1204 1455 1258 est
1495 1194 1898 1275 angelorum
1935 1194 2020 1256 de
2059 1193 2337 1256 homine
2368 1213 2383 1270 ;
2431 1201 2849 1275 quapropter

593 1307 930 1372 nusquam
969 1290 1348 1354 attendunt
1396 1290 1484 1352 ad
1530 1288 1650 1353 illa
1694 1309 1868 1371 quae
1914 1288 2125 1352 homo
2163 1307 2450 1370 corpore
2495 1288 2681 1362 facit,
2723 1287 2845 1350 sed

593 1383 682 1446 ad
725 1383 1163 1449 voluntatem
1209 1405 1300 1448 ex
1348 1404 1483 1467 qua
1527 1403 1775 1467 corpus
1820 1383 2027 1447 facit:
2096 1382 2274 1447 hanc
2321 1392 2578 1446 vocant
2625 1383 2846 1464 ipsum

593 1477 966 1554 hominem,
1035 1487 1107 1544 et
1172 1475 1601 1544 inteneofitum
1669 1489 2003 1562 quantum
2070 1477 2188 1541 ille
2255 1495 2413 1542 cum
2477 1476 2847 1542 voluntate

521 1631 526 1644 ,
595 1593 804 1638 unum
841 1573 1152 1656 agitsm)

521 1659 526 1668 ’
721 1667 862 1733 62·
921 1668 1184 1751 Angeli
1221 1669 1495 1752 quidem
1545 1689 1682 1732 non
1728 1669 1973 1733 vident
2020 1667 2287 1732 caelum
2334 1668 2405 1732 in
2451 1677 2610 1733 toto
2655 1685 2845 1732 com-

593 1764 806 1845 plexu
844 1764 913 1827 in
953 1764 1077 1828 tali
1115 1765 1351 1839 forma,
1393 1783 1551 1828 nam
1592 1773 1821 1828 totum
1860 1764 2125 1828 caelum
2164 1785 2304 1828 non
2343 1764 2532 1828 cadit
2569 1765 2637 1828 in
2677 1783 2845 1828 con-

591 1855 905 1942 spefflzum
965 1859 1248 1942 alicujus
1307 1860 1560 1942 angeli,
1609 1860 1734 1924 sed
1793 1859 2034 1924 vident
2094 1859 2507 1943 quandoque
2567 1860 2845 1924 dissitas

591 1955 986 2030 societates,
1027 1975 1202 2038 quae
1239 1976 1332 2019 ex
1371 1956 1606 2019 multis
1644 1954 1946 2019 millibus
1984 1954 2391 2036 angelorum
2424 1956 2843 2031 consistunt,

591 2059 669 2114 ut
705 2069 912 2113 unum
949 2051 1018 2112 in
1066 2049 1188 2114 tali
1225 2050 1480 2129 forma;
1536 2060 1608 2114 et
1656 2071 1749 2114 ex
1793 2051 2133 2115 societate
2181 2060 2254 2114 ut
2302 2071 2393 2114 ex
2441 2060 2639 2133 parte
2676 2069 2843 2114 con-

591 2143 882 2209 cludunt
914 2146 1002 2209 ad
1051 2164 1414 2210 commune
1452 2146 1636 2228 quod
1673 2155 1783 2209 est
1822 2146 2136 2225 caelum;
2185 2166 2344 2209 nam
2384 2146 2451 2209 in
2492 2143 2843 2228 pei-sestis-

591 2242 764 2305 sima
807 2240 1026 2305 forma
1069 2242 1461 2306 communia
1515 2263 1590 2306 se
1650 2238 1917 2307 habent
1962 2243 2137 2306 sicut
2184 2253 2442 2324 parteS,
2485 2251 2556 2305 et
2611 2249 2843 2324 partes

589 2337 768 2401 sicut
811 2336 1250 2416 communia;
1318 2337 1688 2402 discrimen
1736 2337 1947 2401 modo
2006 2347 2115 2402 est
2174 2339 2351 2401 sicut
2394 2338 2575 2402 inter
2618 2335 2843 2400 simile

593 2431 808 2514 majus
845 2442 916 2496 et
954 2433 1198 2496 minus·
1289 2431 1460 2497 Inde
1498 2433 1761 2507 dicunt,
1797 2433 1979 2517 quod
2020 2442 2247 2497 totum
2279 2433 2547 2496 caelum
2581 2431 2725 2497 tale
2755 2431 2847 2495 sit

587 2528 660 2590 in
697 2525 1072 2611 conspeetu
1109 2527 1409 2604 Domini,
1445 2529 1602 2611 quia
1635 2527 1961 2593 Divinum
1997 2549 2091 2593 ex
2128 2529 2373 2593 intimo
2409 2538 2484 2593 et
2520 2544 2843 2612 supremo

591 2624 826 2689 omnia
861 2624 1074 2689 videt.

718 2721 870 2801 63.
929 2718 1108 2801 Quia
1151 2719 1420 2784 caelum
1466 2720 1610 2784 tale
1664 2730 1798 2797 est,
1844 2721 2005 2785 ideo
2048 2740 2321 2803 quoque
2364 2721 2628 2803 regitur
2671 2718 2842 2784 illud

589 2836 632 2881 a
667 2814 970 2881 Domino
1005 2816 1184 2881 sicut
1221 2836 1394 2879 unus
1432 2814 1666 2892 homo,
1706 2825 1778 2880 et
1837 2817 1997 2881 inde
2056 2818 2234 2881 sicut
2281 2835 2533 2880 unum:
2594 2825 2839 2880 notum

589 2911 770 2976 enim
802 2921 933 2987 est,
969 2912 1152 2995 quod
1186 2912 1468 2977 tametsi
1504 2911 1716 2975 homo
1748 2912 2069 2976 consistit
2107 2932 2197 2976 ex
2234 2908 2841 2975 innumerabilibus

585 3007 812 3083 variiS,
860 3016 1006 3071 tam
1051 3008 1120 3071 in
1167 3017 1324 3072 toto
1369 3025 1573 3089 quam
1631 3008 1703 3070 in
1749 3016 1968 3090 parte,
2016 3008 2086 3070 in
2144 3016 2304 3072 toto
2350 3028 2441 3072 ex
2489 3007 2836 3083 membris,

589 3103 887 3184 organiS,
928 3112 1001 3167 et
1039 3102 1434 3178 visceribuS,
1470 3103 1539 3165 in
1578 3111 1773 3183 parte
1820 3123 1911 3166 ex
1958 3101 2261 3165 seriebus
2300 3100 2641 3178 fibrarum,
2681 3122 2837 3166 ner·

587 3216 849 3273 vorum,
897 3206 968 3262 et
1017 3216 1338 3261 vasorum
1383 3198 1939 3279 sanguineorum,
1984 3198 2085 3263 ita
2145 3218 2237 3262 ex
2284 3197 2610 3261 membris
2654 3198 2838 3263 intra

589 3293 898 3356 membra
940 3300 1013 3357 et
1057 3313 1152 3356 ex
1197 3292 1504 3373 partibus
1547 3294 1731 3355 intra
1766 3301 2020 3375 parteS,
2061 3312 2275 3375 usque
2320 3301 2557 3356 tamen
2601 3291 2835 3367 home,

589 3389 971 3470 cum⁸agit,
1019 3389 1197 3452 sicut
1255 3408 1428 3451 unus
1488 3387 1674 3469 agit:
1746 3387 1890 3453 tale
1937 3388 2151 3451 etiam
2211 3396 2321 3453 est
2380 3386 2650 3453 caelum
2708 3389 2837 3452 sub

589 3484 894 3565 auspicio
929 3491 1002 3547 et
1040 3480 1248 3547 dufitu
1287 3481 1585 3547 Domini.

714 3578 864 3661 6⁴„
926 3576 1131 3659 Quod
1176 3585 1288 3643 tot
1334 3577 1525 3642 varia
1567 3579 1638 3641 in
1682 3577 1963 3642 homine
2001 3596 2207 3641 unum
2244 3586 2485 3660 agant,
2525 3586 2634 3642 est
2678 3579 2836 3662 quia

589 3672 758 3739 nihil
816 3674 1180 3756 quicquam
1239 3673 1332 3737 ibi
1388 3682 1518 3748 est,
1558 3673 1745 3756 quod
1803 3693 1942 3738 non
2002 3672 2261 3755 aliquid
2317 3671 2481 3738 facit
2538 3675 2628 3738 ad
2686 3696 2833 3741 rem

588 3786 1042 3843 communem,
1091 3777 1164 3832 et
1210 3777 1519 3851 praestat
1565 3786 1801 3847 usum3
1867 3787 2232 3832 commune
2280 3777 2591 3849 praestat
2638 3789 2834 3833 usum

588 3862 896 3946 partibus
953 3863 1115 3940 suiS,
1162 3872 1236 3927 et
1303 3871 1537 3946 partes
1590 3872 1950 3945 praestant
2010 3882 2206 3927 usum
2254 3864 2623 3940 communi,
2674 3884 2833 3928 nam

1383 4090 2041 4147 (amatu-nnus.)

907 4190 1088 4265 Quod
1109 4192 1394 4248 voluntas
1417 4192 1683 4248 hominis
1710 4194 1789 4249 sit
1817 4192 2012 4264 ipsum
2036 4192 2183 4250 Esse
2200 4192 2363 4249 vitae
2383 4192 2557 4257 illius,
2576 4203 2639 4250 et
2662 4194 2829 4266 quod

583 4263 708 4319 inte
731 4264 786 4320 le
893 4280 922 4319 s
947 4264 1029 4319 sit
1056 4262 1326 4320 Existere
1351 4264 1514 4321 vitae
1537 4266 1679 4319 inde
1707 4266 1790 4335 (n.
1816 4264 1971 4334 3619,
1998 4276 2150 4335 5002.
2177 4266 2365 4335 9282).

690 4332 868 4407 Quod
893 4335 1024 4390 vita
1039 4336 1371 4391 voluntatis
1395 4335 1475 4391 sit
1501 4335 1844 4407 principalis
1854 4336 1981 4391 vita
2004 4336 2283 4397 hominis,
2310 4344 2373 4391 et
2397 4336 2561 4407 quod
2587 4334 2716 4391 vita
2738 4336 2831 4393 in·

579 4402 858 4461 tellectus
901 4406 1191 4476 procedat
1233 4406 1376 4461 iude
1422 4408 1503 4475 (n.
1551 4407 1615 4477 58
1623 4418 1668 4477 ς,
1704 4420 1827 4477 590,
1866 4406 2024 4477 3619,
2063 4418 2221 4477 7342,
2253 4406 2410 4477 8885,
2443 4406 2602 4476 9282,
2638 4408 2827 4477 10076,

589 4478 1092 4620 1013003111·κέῐῖιο
1127 4546 1206 4602 sit
1235 4548 1424 4602 homo
1460 4564 1536 4603 ex
1577 4549 1892 4605 voluntate
1934 4558 1998 4605 et
2040 4548 2180 4605 inde
2210 4546 2519 4605 intellestu
2559 4550 2640 4621 (n.
2672 4548 2828 4620 8911.

581 4617 739 4689 9⁰⁶9·
763 4630 924 4689 9071,
958 4618 1144 4686 10076,
1177 4632 1362 4689 10109.
1395 4620 1611 4685 rouo).
