3371 5304
623 655 744 721 342
1297 654 1400 706 DE
1443 654 1701 707 CAELO
1746 657 1844 707 ET
1890 656 2254 710 INFERNO.

611 824 966 889 internum
1013 823 1310 889 hominis
1354 845 1476 890 seu
1523 826 2029 910 cogitationem
2088 828 2176 894 ad
2228 850 2353 894 sua
2397 829 2713 914 objectu
2775 832 2878 898 ita

617 939 816 984 amor
851 921 953 984 sui
989 921 1078 986 ad
1117 941 1190 984 se
1227 931 1298 985 et
1335 941 1479 997 sua,
1521 941 1716 986 amor
1746 925 1979 988 mundi
2024 924 2114 988 ad
2152 926 2521 1001 mundana,
2562 937 2637 991 et
2680 947 2879 992 amor

617 1016 798 1081 caeli
855 1016 944 1080 ad
992 1017 1328 1081 caelestia
1359 1037 1376 1082 ε
1447 1038 1538 1082 ex
1577 1018 1825 1102 quibus
1864 1021 2021 1084 sciri
2058 1031 2319 1102 potest,
2358 1021 2425 1084 in
2464 1022 2651 1105 quali
2686 1033 2876 1088 statu

615 1122 780 1176 sunt
825 1111 1155 1176 interiora
1199 1112 1498 1176 hominis
1541 1132 1718 1195 quae
1764 1115 2017 1178 mentis
2066 1114 2212 1198 ejus
2265 1125 2449 1191 sunt,
2500 1117 2665 1182 dum
2710 1137 2881 1200 cog-

617 1209 928 1272 noscitur
971 1206 1116 1290 ejus
1159 1208 1598 1290 amorzquod
1647 1227 1900 1290 nempe
1954 1211 2067 1293 qui
2116 1211 2385 1275 caelum
2437 1223 2669 1290 amat;
2728 1213 2875 1296 ejus

615 1304 952 1368 interiora
987 1304 1270 1368 elevata
1305 1305 1445 1367 sint
1493 1323 1735 1368 versus
1778 1305 2074 1380 caelum,
2112 1324 2195 1369 ac
2244 1310 2559 1389 superius
2596 1317 2875 1390 aperta;

619 1401 736 1483 qui
773 1399 1103 1462 mundum
1141 1409 1216 1463 et
1254 1398 1366 1482 qui
1401 1409 1628 1462 semet
1665 1409 1879 1475 amat,
1915 1400 2103 1482 quod
2140 1399 2283 1481 ejus
2315 1402 2641 1467 interiora
2671 1421 2875 1484 supe·

617 1495 756 1557 rius
795 1495 935 1557 sint
973 1493 1230 1569 clausa,
1266 1513 1346 1557 ac
1383 1495 1697 1558 exterius
1728 1505 2009 1575 aperta:
2058 1495 2223 1559 inde
2252 1496 2578 1561 concludi
2617 1507 2877 1579 potest,

617 1589 807 1672 quod
853 1589 909 1652 si
957 1590 1308 1671 superiora
1353 1609 1531 1672 quae
1577 1590 1833 1652 mentis
1878 1599 2043 1653 sunt
2088 1592 2399 1670 superius
2435 1591 2671 1656 clausa
2714 1593 2877 1666 sint.

617 1685 836 1750 homo
892 1703 1031 1747 non
1085 1683 1382 1764 amplius
1441 1684 1674 1749 videre
1734 1685 1955 1766 possit
2012 1682 2285 1768 objefita
2341 1707 2519 1770 quae
2576 1687 2749 1750 caeli
2800 1695 2877 1750 et

620 1781 965 1844 ecclesiae
1011 1789 1196 1854 sunt,
1245 1789 1318 1844 et
1363 1781 1550 1861 quod
1611 1801 1695 1843 ea
1751 1782 1893 1844 sint
1940 1781 2362 1862 apud,illum
2418 1783 2486 1844 in
2531 1782 2877 1864 caligine;

617 1884 691 1940 et
726 1896 902 1958 quae
949 1876 1016 1937 in
1055 1875 1354 1956 caligine
1391 1884 1554 1940 sunt
1591 1873 1705 1938 vel
1744 1885 2091 1956 negantur
2126 1875 2239 1938 vel
2286 1895 2427 1940 non
2464 1875 2872 1958 intelligun-

617 1982 748 2035 tur.
841 1969 1009 2034 Inde
1055 1981 1185 2045 est,
1234 1970 1417 2054 quod
1465 1969 1562 2034 illi
1606 1971 1721 2053 qui
1768 1980 2008 2034 amant
2054 1990 2127 2034 se
2172 1981 2246 2035 et
2294 1972 2623 2035 mundum
2670 1991 2879 2054 super

617 2067 872 2142 omnia,
907 2067 1064 2148 quia
1101 2066 1282 2147 apud
1313 2064 1469 2130 illos
1501 2067 1853 2146 superiora
1884 2067 2139 2129 mentis
2172 2066 2407 2130 clausa
2440 2074 2624 2141 sunt,
2658 2067 2871 2131 corde

618 2171 881 2242 negent
929 2159 1180 2223 Divina
1213 2179 1416 2237 vera3
1481 2169 1554 2224 et
1613 2160 1668 2222 si
1730 2160 1991 2244 aliquid
2048 2160 2135 2224 de
2192 2160 2331 2225 illis
2388 2183 2477 2225 ex
2540 2163 2871 2224 memoria

617 2255 1009 2338 loquuntur,
1045 2275 1255 2338 usque
1293 2275 1434 2319 non
1465 2254 1873 2336 intelligant
1902 2276 1920 2334 3
1966 2252 2288 2337 spectant
2318 2255 2533 2320 etiam
2568 2255 2689 2319 illa
2724 2275 2865 2319 non

617 2352 822 2416 aliter
857 2369 1060 2434 quam
1097 2347 1418 2432 spectant
1457 2350 1807 2414 mundana
1842 2359 1915 2413 et
1954 2369 2326 2431 corporea:
2376 2361 2447 2413 et
2494 2351 2651 2432 quia
2686 2350 2867 2414 tales

619 2456 804 2522 sunt,
845 2465 984 2509 non
1023 2445 1208 2510 aliud
1247 2465 1520 2510 versare
1557 2455 1847 2528 possunt
1880 2445 2132 2520 animo,
2167 2465 2372 2528 quam
2405 2465 2581 2527 quae
2613 2447 2874 2510 intrant

619 2561 742 2624 per
773 2560 1014 2604 sensus
1045 2541 1372 2621 corporis,
1401 2541 1644 2623 quibus
1669 2541 1881 2604 etiam
1916 2539 2141 2604 solum
2166 2537 2643 2604 delectantur:
2692 2541 2875 2606 inter

618 2658 794 2721 quae
833 2638 1043 2701 etiarn
1076 2645 1236 2701 sunt
1277 2636 1495 2701 multa
1530 2656 1707 2719 quae
1745 2657 2013 2720 quoque
2046 2657 2315 2719 spurca,
2350 2635 2676 2713 obscena,
2712 2656 2871 2719 pro·

617 2732 798 2806 fana,
839 2742 911 2796 et
969 2732 1354 2797 facinorosa
1405 2742 1589 2808 sunt,
1651 2752 1829 2814 quae
1884 2752 2011 2796 nec
2062 2731 2311 2796 abduci
2370 2742 2660 2814 possunt
2714 2733 2873 2815 quia

621 2828 803 2910 apud
851 2826 1006 2891 illos
1053 2847 1194 2890 non
1240 2826 1534 2892 influxus
1579 2826 1787 2891 datur
1842 2846 1881 2889 e
1928 2826 2127 2891 caelo
2180 2828 2249 2889 in
2302 2837 2573 2891 mentes
2608 2846 2863 2902 eorum,

619 2925 942 3007 quoniam
976 2923 1108 2987 hae
1141 2923 1450 3005 superius
1487 2931 1648 2987 sunt
1682 2921 1980 2997 clausae,
2015 2930 2091 2986 ut
2128 2919 2387 2985 dictum
2412 2932 2541 2985 est.
2632 2922 2869 2985 Inten-

621 3019 721 3083 tio
757 3017 1073 3094 hominis,
1115 3040 1206 3082 ex
1245 3038 1380 3101 qua
1415 3018 1919 3081 determinatur
1950 3018 2137 3081 visus
2168 3018 2479 3081 internus
2517 3038 2638 3080 seu
2674 3018 2867 3099 cogi-

624 3116 805 3179 tatio
853 3113 1015 3195 ejus,
1052 3124 1162 3177 est
1208 3112 1348 3195 ejus
1394 3112 1763 3189 voluntas3
1827 3130 1987 3175 nam
2033 3113 2218 3195 quod
2264 3110 2475 3175 homo
2519 3112 2689 3187 vult,
2736 3110 2869 3176 hoc

621 3210 946 3285 intendit,
987 3219 1060 3273 et
1099 3209 1280 3291 quod
1320 3208 1622 3272 intendit
1661 3206 1794 3272 hoc
1834 3207 2143 3289 cogitat:
2200 3216 2623 3289 quapropter
2666 3207 2723 3269 si
2767 3207 2869 3269 in-

625 3305 852 3370 tendit
898 3304 1189 3377 caelum,
1238 3302 1400 3367 illuc
1457 3304 1957 3367 determinatur
2003 3302 2347 3384 cogitatio
2392 3302 2557 3384 ejus,
2596 3312 2671 3365 et
2716 3320 2871 3367 cum

619 3401 740 3465 illa
777 3410 936 3465 tota
965 3420 1163 3463 mens
1199 3398 1364 3480 ejus,
1392 3418 1566 3484 quae
1605 3400 1701 3461 sic
1742 3398 1809 3461 in
1848 3395 2045 3461 caelo
2077 3406 2229 3461 est:
2279 3396 2442 3461 inde
2480 3398 2639 3461 dein
2672 3416 2871 3479 spec-

621 3506 728 3561 tat
763 3495 903 3570 ina,
933 3514 1106 3578 quae
1139 3494 1374 3558 mundi
1405 3503 1589 3567 sunt,
1619 3492 1793 3555 infra
1824 3512 1923 3565 se,
1952 3492 2131 3555 sicut
2160 3493 2273 3573 qui
2306 3513 2345 3557 e
2383 3490 2573 3557 tecto
2604 3492 2869 3555 domus·

622 3592 794 3655 Inde
827 3600 956 3666 est,
991 3589 1174 3673 quod
1215 3588 1450 3665 homo,
1485 3589 1591 3653 cui
1630 3598 1877 3671 aperta
1914 3596 2077 3650 sunt
2110 3587 2437 3651 interiora
2469 3606 2642 3669 quae
2676 3604 2869 3649 rnen-

620 3689 708 3752 tis
747 3685 888 3769 ejus
927 3696 1110 3761 sunt,
1151 3686 1370 3768 possit
1407 3684 1640 3748 videre
1681 3681 1865 3745 mala
1902 3691 1973 3745 et
2010 3681 2185 3745 salsa
2220 3702 2396 3764 quae
2434 3681 2616 3764 apud
2652 3680 2865 3755 illurn,

623 3801 782 3846 nam
842 3781 1014 3845 haec
1074 3780 1247 3844 infra
1291 3788 1598 3843 mentem
1659 3776 2095 3859 spiritualem
2142 3785 2352 3856 sunt;
2419 3787 2492 3840 et
2545 3776 2867 3851 vicissim,

622 3877 807 3960 quod
843 3876 1076 3950 homo,
1111 3876 1218 3939 cui
1255 3894 1391 3938 non
1430 3874 1761 3937 interiora
1796 3880 2043 3953 aperta
2080 3880 2265 3944 sunt,
2308 3890 2447 3935 non
2478 3872 2711 3937 videre
2746 3890 2871 3934 sua

627 3972 810 4037 mala
853 3981 928 4037 et
986 3970 1159 4035 salsa
1205 3970 1447 4051 possit,
1495 3970 1654 4053 quia
1702 3969 1771 4031 in
1819 3966 1957 4031 illis
2002 3976 2133 4039 est.
2172 3976 2245 4030 et
2302 3984 2439 4030 non
2488 3986 2691 4049 supra
2732 3964 2869 4027 illa.

621 4068 738 4132 Ex
771 4068 878 4131 his
911 4065 1230 4131 concludi
1265 4073 1524 4147 potest.
1551 4064 1733 4127 unde
1766 4073 1873 4127 est
1905 4062 2247 4143 sapientia
2270 4060 2551 4131 homini.
2580 4070 2651 4125 et
2688 4058 2871 4122 unde

624 4166 686 4229 ei
745 4163 1052 4241 insania;
1118 4172 1264 4225 tum
1315 4160 1534 4245 qualis
1596 4158 1809 4223 homo
1868 4158 2129 4221 futurus
2186 4166 2347 4239 post
2394 4166 2711 4227 mortem,
2758 4154 2871 4219 ubi

623 4258 1029 4343 relinquitur
1059 4257 1240 4323 velle
1276 4266 1350 4320 et
1388 4256 1722 4338 cogitare,
1758 4264 1904 4318 turn
1939 4272 2143 4335 agere
2177 4262 2248 4317 et
2280 4251 2465 4334 loqui
2498 4250 2869 4314 secundum

621 4356 954 4423 interiora
989 4373 1131 4418 sua.
1223 4352 1416 4415 Haec
1455 4370 1733 4435 quoque
1778 4346 1964 4413 dicta
2008 4356 2194 4422 sunt,
2236 4355 2311 4410 ut
2354 4346 2612 4409 sciatur
2646 4344 2871 4427 qualis

623 4452 836 4516 homo
879 4450 1168 4515 interius
1219 4457 1350 4524 est,
1399 4456 1752 4530 utcunque
1796 4453 2088 4527 apparet
2132 4441 2336 4507 alteri
2382 4439 2622 4505 similis
2668 4449 2870 4505 exte·

625 4566 784 4611 rius.

752 4654 954 4724 533.
1015 4637 1220 4723 Quod
1281 4656 1420 4703 non
1475 4648 1623 4703 tam
1680 4634 1958 4702 difficile
2016 4632 2107 4699 sit
2164 4652 2375 4719 agere
2426 4632 2645 4697 vitam
2702 4628 2877 4696 caeli
