3371 5304
1216 634 1317 683 DE
1362 632 1824 684 INFANTIBUS
1867 632 1950 682 IN
1995 631 2266 683 CAELO.
2734 636 2854 702 203

748 804 951 891 338·
1008 802 1384 869 Ostensum
1430 802 1597 868 mihi
1640 814 1751 869 est
1795 824 1916 889 per
1959 806 2240 869 modum
2285 808 2853 871 communicatio-

624 904 731 967 nis
771 904 841 965 in
878 900 1101 964 altera
1135 900 1282 963 vita
1314 900 1742 975 familiarem,
1781 897 2018 983 quales
2055 900 2390 964 infantum
2427 902 2624 965 ideae
2669 912 2854 976 sunt,

624 1016 779 1062 curn
816 994 1055 1057 vident
1100 992 1328 1076 aliqua
1373 990 1681 1073 objecta3
1743 1002 1943 1055 erant
1987 994 2161 1056 sicut
2197 995 2427 1058 omnia
2471 1006 2543 1058 et
2589 995 2862 1077 singula

622 1092 977 1167 viverent3
1031 1088 1213 1151 unde
1256 1089 1325 1151 in
1371 1088 1658 1171 singulis
1703 1088 2152 1170 cogitationis
2195 1108 2428 1152 eorum
2472 1090 2644 1154 ideis
2681 1093 2860 1155 inest

622 1186 805 1249 vita:
853 1195 928 1249 et
964 1192 1365 1267 perceptum
1396 1192 1529 1257 est,
1564 1182 1750 1265 quod
1781 1182 2037 1245 similes
2069 1181 2206 1244 fere
2243 1182 2438 1246 ideae
2470 1185 2605 1247 sint
2639 1186 2856 1248 insan-

622 1281 809 1344 tibus
864 1282 934 1344 in
980 1277 1249 1354 tellure,
1290 1296 1444 1341 curn
1502 1278 1570 1341 in
1629 1278 1770 1339 suis
1815 1276 2082 1340 lusoriis
2125 1287 2307 1349 sunt,
2350 1296 2506 1340 nam
2553 1280 2856 1344 nondum

619 1375 757 1439 illis
792 1384 899 1439 est
936 1373 1242 1449 reflexio,
1282 1370 1500 1455 qualis
1537 1370 1816 1446 adultiS,
1855 1372 2016 1455 quid
2055 1370 2523 1435 inanimatum.

747 1484 952 1552 339·
1012 1464 1288 1531 Dictum
1333 1486 1537 1547 supra
1581 1474 1713 1541 est,
1753 1464 1936 1549 quod
1979 1465 2276 1529 infantes
2312 1467 2451 1530 sint
2494 1469 2700 1549 genio
2743 1467 2857 1534 vel

624 1564 909 1629 caelesti
940 1561 1051 1626 vel
1088 1560 1439 1645 spirituali.
1528 1558 1665 1642 Qui
1701 1560 1906 1641 genio
1939 1559 2224 1623 caelesti
2259 1570 2420 1624 sunt
2457 1562 2669 1644 probe
2701 1563 2855 1646 dig-

624 1666 1001 1724 noscuntur
1057 1656 1146 1721 ab
1204 1654 1337 1719 illis
1395 1656 1508 1739 qui
1566 1656 1772 1737 genio
1832 1654 2208 1736 spirituali;
2275 1654 2372 1718 illi
2433 1656 2856 1724 molliuscule

622 1755 975 1837 cogitant,
1004 1749 1506 1832 loquuntur‚·et
1542 1759 1784 1831 agunt,
1826 1750 1919 1813 sic
1957 1758 2034 1813 ut
2076 1750 2196 1812 vix
2235 1750 2597 1833 quicquam
2641 1772 2855 1836 appa·

622 1858 771 1913 reat
808 1849 937 1911 nisi
974 1845 1187 1909 fluens
1222 1844 1383 1929 quid
1423 1866 1513 1909 ex
1558 1863 1796 1907 amore
1824 1843 1987 1907 boni
2031 1844 2101 1906 in
2138 1844 2531 1921 Dominum,
2573 1857 2644 1912 et
2691 1869 2856 1931 erga

620 1944 918 2008 infantes
954 1940 1171 2017 alios;
1240 1939 1309 2002 hi
1367 1950 1599 2003 autem
1641 1958 1779 2001 non
1837 1939 1936 2001 ita
1979 1936 2302 2013 molliter,
2342 1940 2466 2001 sed
2510 1941 2854 2022 quoddam

620 2038 813 2121 quasi
843 2036 1101 2100 alatum
1132 2033 1451 2099 vibratile
1478 2054 1557 2097 se
1589 2032 1986 2097 manifestat
2022 2034 2090 2097 in
2123 2033 2408 2115 singulis
2440 2036 2618 2116 apud
2651 2036 2808 2101 illos
2835 2060 2852 2116 3

621 2142 771 2196 tum
807 2151 1074 2216 quoque
1112 2138 1313 2211 patet
1348 2129 1439 2192 ab
1472 2128 1956 2210 indignatione
1993 2146 2252 2202 eorum,
2291 2140 2566 2211 praeter
2601 2130 2756 2194 alia.

744 2240 954 2309 340·
1012 2224 1217 2288 Multi
1246 2233 1605 2287 autumare
1637 2232 1948 2304 possunt,
1982 2223 2165 2305 quod
2205 2223 2499 2287 infantes
2530 2239 2854 2292 maneant

620 2322 917 2387 infantes
952 2320 1021 2381 in
1057 2318 1274 2394 caelo,
1304 2326 1377 2381 et
1406 2318 1591 2402 quod
1628 2318 1768 2381 sint
1799 2318 1975 2380 sicut
2005 2317 2304 2381 infantes
2333 2319 2514 2382 inter
2543 2322 2851 2404 angelos.

623 2415 759 2499 Qui
789 2417 856 2480 in
882 2414 1273 2495 ignorantia
1296 2423 1479 2489 sunt,
1508 2414 1669 2497 quid
1695 2411 2006 2495 angelus,
2032 2412 2103 2475 in
2126 2412 2446 2495 opinione
2471 2414 2586 2477 illa
2613 2427 2852 2497 potue·

619 2520 779 2575 runt
825 2508 1207 2573 confirmari
1264 2528 1307 2573 a
1364 2508 1748 2573 simulacris
1805 2508 1914 2573 hic
1981 2516 2056 2570 et
2113 2507 2204 2570 ibi
2262 2506 2330 2569 in
2391 2508 2692 2590 templiS,
2742 2513 2854 2592 ubi

623 2604 853 2688 angeli
898 2614 973 2668 ut
1019 2603 1320 2668 infantes
1364 2602 1824 2667 exhibentur:
1888 2600 2011 2665 sed
2056 2621 2164 2665 res
2224 2618 2298 2666 se
2343 2622 2617 2686 prorsus
2655 2603 2855 2670 aliter

621 2701 855 2764 habet.
968 2698 1444 2781 Intelligentia
1502 2707 1574 2762 et
1620 2697 1963 2781 sapientia
2003 2696 2170 2761 facit
2217 2698 2582 2780 angelum;
2650 2719 2852 2782 quam

622 2795 947 2880 quamdiu
1002 2792 1301 2857 infantes
1375 2792 1683 2856 nondum
1752 2792 2040 2867 habent,
2108 2801 2268 2854 sunt
2335 2793 2606 2874 quidem
2674 2793 2850 2875 apud

622 2889 934 2973 angelos,
971 2890 1092 2953 sed
1140 2908 1277 2952 non
1322 2897 1483 2952 sunt
1520 2886 1795 2968 angeli3
1857 2906 2009 2951 cum
2054 2906 2220 2950 vero
2264 2887 2738 2968 intelligentes
2779 2901 2852 2954 et

622 2987 969 3068 sapientes
1010 2981 1281 3066 [¹¹¹fac'ti]
1322 2993 1504 3058 sunt,
1545 2992 1710 3047 tunc
1749 2984 2036 3065 primum
2076 2980 2244 3044 fiunt
2284 2982 2552 3064 angeli:
2617 2983 2848 3058 immo,

620 3080 803 3164 quod
841 3081 1125 3143 miratus
1169 3097 1341 3154 sum,
1376 3089 1539 3144 tunc
1587 3097 1726 3142 non
1773 3085 2109 3160 apparent
2156 3076 2334 3140 sicut
2372 3077 2689 3153 infanta,
2729 3078 2850 3142 sed

620 3177 797 3240 sicut
821 3174 1040 3240 adulti
1064 3195 1080 3252 3
1118 3193 1277 3237 nam
1303 3183 1467 3238 tunc
1496 3192 1633 3237 non
1658 3171 1952 3255 amplius
1975 3171 2270 3234 infantili
2295 3173 2504 3254 genio
2527 3180 2703 3248 sunt,
2731 3173 2851 3237 sed

619 3270 938 3354 angelico
974 3269 1371 3333 adulteriori
1400 3289 1417 3346 3
1462 3267 1930 3349 intelligentia
1966 3275 2037 3330 et
2077 3267 2416 3349 sapientia
2451 3265 2582 3330 hoe
2620 3286 2850 3332 secum

619 3367 770 3432 sert.
859 3364 1065 3447 Quod
1128 3365 1447 3440 infantes»,
1506 3365 1683 3426 sicut
1753 3361 2192 3446 perficiuntur
2249 3362 2716 3444 intelligentia
2775 3373 2850 3426 et

619 3463 979 3545 sapientia,
1020 3469 1399 3544 appareant
1446 3458 1846 3533 adultiores„
1883 3459 1982 3522 ita
2027 3459 2204 3522 sicut
2251 3457 2734 3522 adolescentes
2776 3469 2848 3521 et

615 3557 921 3640 juvenes„
950 3566 1059 3620 est
1104 3575 1309 3618 causa
1353 3555 1511 3638 quia
1552 3553 2014 3635 intelligentia
2051 3563 2122 3618 et
2167 3554 2506 3635 sapientia
2549 3561 2658 3615 est
2705 3553 2850 3633 ipsa

622 3645 906 3716 nutritio
929 3649 1301 3734 spiritualis
1324 3646 1437 3729 ;(”)
1466 3649 1627 3712 ideo
1646 3669 1820 3731 quae
1853 3648 2159 3712 nutriunt
2193 3659 2459 3710 mentes
2485 3653 2739 3721 eorum,
2767 3667 2849 3708 ea

1401 3845 1502 3900 [(ικ
1528 3855 1723 3888 anunm
1747 3843 2094 3898 caum-iwan

728 3954 845 4024 (rr)
896 3949 1076 4023 Quod
1101 3950 1271 4005 cibus
1290 3947 1616 4019 spiritualis
1642 3949 1725 4004 sit
1745 3945 2002 4002 scientia
2035 3945 2432 4018 intelligentia
2455 3955 2516 3998 et
2540 3941 2849 4012 sapientia.

621 4027 707 4082 ita
738 4025 965 4078 bonum
1003 4031 1067 4076 et
1101 4036 1327 4083 verum.
1354 4037 1427 4076 ex
1462 4022 1681 4092 quibus
1715 4019 1818 4074 illa
1853 4021 1938 4084 (n.
1965 4033 2119 4088 3114.
2143 4031 2303 4085 4459.
2323 4029 2481 4083 4792,
2513 4025 2666 4084 5147,
2695 4025 2848 4082 5293,

625 4084 2711 4250 ⁵”iamt{siff-³3⁵331r333211’23533‘11-,25232533&iffi-effa
2746 4167 2848 4207 0re

622 4237 883 4380 Doguria
894 4237 1399 4380 (gagilgignificat
1422 4324 1664 4362 omnem
1692 4309 1890 4362 cibum
1919 4305 1977 4358 in
2004 4316 2240 4374 genere.
2267 4299 2406 4353 ideo
2431 4295 2530 4350 ille
2553 4291 2850 4362 significat

616 4395 797 4434 omne
824 4384 1049 4436 bonum
1074 4380 1332 4438 caeleste
1350 4391 1413 4434 et
1437 4380 1748 4450 spirituale
1771 4384 1850 4447 (n.
1880 4377 1999 4444 276.
2017 4376 2140 4438 680,
2164 4371 2318 4440 2165.
2342 4382 2495 4437 2177,
2517 4363 2672 4434 3478,
2692 4363 2755 4416 61
2772 4361 2848 4423 18.

618 4452 801 4518 8410).

726 4521 937 4584 Causa.
962 4524 1107 4594 quia
1130 4521 1231 4577 illa
1254 4521 1528 4576 nutriunt
1558 4529 1837 4580 mentem,
1865 4533 2018 4588 quae
2045 4513 2262 4569 interni
2289 4506 2554 4566 hominis
2581 4510 2663 4576 (n.
2692 4515 2836 4572 4459

621 4603 773 4668 ⁵293»
804 4595 960 4665 5576·
984 4595 1144 4660 6277.
1170 4589 1595 4660 8418[?8410]).
