3371 5304
532 623 655 699 248
1186 636 1289 687 DE
1332 636 1586 689 CAELO
1632 638 1732 689 ET
1775 638 2143 693 INFERNO.

492 822 653 873 esua
683 805 983 888 jucunda
1028 816 1103 875 et
1147 808 1359 875 beata
1402 810 1628 888 alteri,
1668 821 1742 877 et
1789 813 1948 893 quia
1991 833 2234 882 omnes
2281 816 2460 883 tales
2505 832 2666 886 sunt
2713 822 2780 885 in

528 902 761 980 caeli3‚
796 914 995 986 patet
1040 924 1246 989 quam
1304 908 1716 973 immensum
1777 920 1888 975 est
1939 910 2314 994 jucundum
2347 915 2566 997 caeli3
2621 937 2780 983 nam

528 1008 603 1062 ut
641 1020 844 1082 supra
886 999 982 1084 (n.
1022 1001 1181 1086 268)
1227 1012 1589 1068 ostensum
1634 1015 1768 1082 est,
1807 1006 1876 1069 in
1913 1007 2124 1071 caelis
2161 1018 2270 1073 est
2311 1013 2777 1076 communica-

528 1096 629 1159 tio
686 1097 991 1161 omnium
1044 1116 1201 1163 cum
1260 1100 1570 1181 singulis,
1619 1110 1694 1165 et
1748 1102 2174 1184 singulorum
2227 1124 2383 1168 cum
2437 1108 2778 1171 omnibus.

526 1189 719 1255 Talis
758 1194 1298 1259 communicatio
1332 1196 1610 1278 profluit
1658 1218 1752 1261 ex
1801 1198 1979 1261 binis
2017 1200 2363 1265 amoribus
2401 1202 2599 1278 caeli,
2639 1204 2774 1286 qui,

524 1296 600 1349 ut
633 1285 893 1352 dictum
924 1298 1051 1366 est,
1079 1301 1241 1356 sunt
1274 1310 1469 1357 amor
1502 1293 1573 1355 in
1606 1291 1981 1359 Dominum
2015 1304 2088 1359 et
2119 1314 2314 1360 amor
2341 1318 2509 1383 erga
2540 1300 2776 1380 proxi·

524 1402 707 1446 mum
736 1404 751 1461 ;
800 1384 869 1447 hi
899 1404 1171 1450 amores
1196 1396 1360 1450 sunt
1386 1389 1950 1453 communicativi
1975 1411 2248 1455 suorum
2275 1391 2729 1473 jucundorum
2757 1414 2772 1456 :

521 1480 703 1561 quod
750 1499 945 1561 amor
990 1481 1058 1543 in
1106 1481 1479 1547 Dominum
1526 1483 1691 1547 talis
1737 1485 1852 1559 sit,
1901 1494 2011 1549 est
2058 1487 2214 1568 quia
2257 1506 2451 1551 amor
2495 1488 2774 1553 Domini

521 1583 629 1638 est
700 1594 892 1639 amor
953 1578 1603 1642 communicationis
1670 1580 1976 1643 omnium
2043 1582 2144 1645 sui
2211 1602 2368 1646 cum
2433 1584 2771 1660 omnibus,

522 1688 681 1733 nam
720 1670 1028 1735 omnium
1066 1671 1474 1737 felicitatem
1513 1673 1663 1738 vult
1695 1695 1712 1753 ;
1759 1674 2000 1739 similis
2035 1696 2230 1741 amor
2264 1688 2376 1741 est
2419 1679 2488 1742 in
2533 1680 2772 1761 singu-

520 1764 601 1827 lis
646 1767 759 1849 qui
804 1776 1043 1830 amant
1090 1767 1347 1851 Ipsum,
1395 1770 1555 1852 quia
1600 1769 1937 1834 Dominus
1982 1772 2050 1834 in
2094 1772 2230 1836 illis
2275 1783 2406 1849 est,
2454 1774 2618 1839 inde
2659 1785 2770 1840 est

518 1862 1051 1925 communicatio
1069 1860 1521 1944 jucundorum
1542 1874 1782 1929 mutua
1801 1865 2203 1947 angelorum
2231 1869 2410 1933 inter
2432 1889 2504 1933 se
2529 1890 2545 1947 3
2584 1869 2768 1952 quod

518 1975 711 2020 amor
748 1978 915 2039 erga
953 1959 1339 2041 proximum
1379 1961 1591 2024 etiam
1630 1960 1793 2023 talis
1831 1962 1943 2035 sit,
1985 1962 2322 2027 videbitur
2367 1965 2435 2027 in
2475 1984 2765 2047 sequen-

518 2051 737 2115 tibus:
801 2073 893 2115 ex
950 2053 1193 2136 quibus
1230 2064 1551 2118 constare
1606 2064 1868 2136 potest,
1909 2056 2096 2139 quod
2152 2057 2250 2121 illi
2309 2077 2580 2122 amores
2625 2060 2764 2124 sint

518 2148 1071 2211 communicativi
1104 2168 1376 2212 suorum
1402 2148 1880 2230 jucundorum.
1968 2149 2200 2214 Aliter
2235 2166 2508 2213 amores
2545 2152 2646 2213 sui
2691 2162 2764 2216 et

517 2242 751 2305 mundi
779 2263 796 2321 ;
844 2262 1036 2306 amor
1068 2244 1170 2307 sui
1202 2243 1550 2308 abstrahit
1586 2252 1659 2307 et
1699 2243 1918 2309 aufert
1949 2264 2156 2309 omne
2180 2244 2554 2327 jucundum
2585 2244 2758 2319 aliis,

515 2346 586 2401 et
620 2340 689 2401 in
736 2360 809 2402 se
849 2340 1141 2415 derivat,
1186 2359 1344 2403 nam
1384 2341 1511 2405 sibi
1548 2340 1678 2404 soli
1716 2342 1892 2405 bene
1929 2341 2079 2405 vult
2102 2361 2118 2421 ;
2179 2351 2252 2406 et
2297 2359 2492 2406 amor
2527 2344 2762 2407 mundi

514 2433 663 2497 vult
729 2446 805 2499 ut
873 2456 998 2498 sua
1049 2434 1188 2499 sint
1240 2456 1417 2519 quae
1470 2437 1811 2519 proximi3
1885 2456 2092 2519 quare
2153 2436 2222 2500 hi
2275 2456 2548 2503 amores
2601 2449 2760 2502 sunt

514 2527 915 2595 destructivi
940 2528 1391 2612 jucundorum
1425 2530 1605 2613 apud
1636 2532 1850 2609 alios;
1898 2532 1954 2593 si
1990 2541 2151 2595 sunt
2177 2534 2756 2607 communicativi,

514 2635 622 2690 est
668 2636 950 2709 propter
994 2646 1071 2690 se
1117 2635 1188 2690 et
1236 2646 1375 2690 non
1422 2634 1704 2709 propter
1741 2625 1938 2705 illos;
1991 2646 2198 2709 quare
2244 2624 2626 2711 respective
2669 2628 2758 2691 ad

512 2720 690 2797 illos,
726 2724 855 2786 nisi
892 2732 1221 2805 quantum
1250 2721 1552 2803 jucunda
1586 2721 1860 2785 illorum
1893 2722 2074 2802 apud
2111 2741 2186 2785 se
2219 2735 2338 2787 aut
2374 2724 2442 2787 in
2479 2743 2555 2788 se
2592 2725 2756 2800 sint,

512 2835 648 2880 non
682 2817 1239 2882 communicativi
1272 2817 1392 2880 sed
1426 2815 1827 2881 destructivi
1859 2827 2040 2880 sunt.
2115 2811 2321 2898 Quod
2353 2835 2626 2882 amores
2653 2821 2758 2884 sui

514 2922 581 2977 et
616 2913 874 2988 mundi,
902 2932 1055 2975 cum
1088 2923 1407 2995 regnant,
1437 2912 1617 2976 tales
1649 2914 1809 2988 sint,
1837 2914 2108 2996 saepius
2137 2932 2258 2993 per
2281 2914 2506 2978 vivam
2539 2934 2755 2997 expe-

514 3009 825 3072 rientiam
860 3009 1101 3072 datum
1132 3017 1240 3072 est
1274 3009 1643 3091 percipere.
1713 3007 2008 3090 Quoties
2038 3009 2336 3091 spirituS,
2369 3011 2484 3092 qui
2519 3011 2590 3074 in
2622 3011 2755 3074 illis

512 3105 852 3168 amoribus
872 3105 1141 3168 fuerunt
1158 3105 1321 3167 dum
1346 3105 1669 3168 vixerunt
1696 3103 2007 3168 homines
2031 3103 2098 3166 in
2123 3103 2401 3179 mund0‚
2427 3107 2756 3188 approxi-

512 3210 805 3276 marunt,
854 3201 1065 3264 toties
1110 3199 1484 3281 jucundum
1538 3219 1767 3264 meum
1821 3201 2112 3265 recessit
2154 3209 2230 3264 et
2287 3201 2616 3278 evanuit;
2681 3212 2756 3265 et

510 3315 778 3380 quoque
811 3295 977 3360 mihi
1002 3293 1259 3360 dictum
1286 3306 1418 3372 est,
1445 3297 1629 3379 quod
1663 3297 1720 3359 si
1751 3295 1930 3360 tales
1961 3296 2172 3359 modo
2201 3296 2756 3378 appropinquant

512 3411 745 3456 versus
790 3392 1087 3474 aliquam
1126 3393 1533 3456 societatem
1571 3391 1972 3468 caelestem,
2010 3409 2284 3473 prorsus
2329 3389 2416 3452 ad
2463 3391 2754 3472 gradum

510 3488 939 3569 praesentiae
972 3505 1205 3550 eorum
1234 3487 1651 3550 diminuatur
1675 3486 2050 3568 jucundum
2081 3485 2354 3550 illorum
2385 3485 2500 3566 qui
2537 3486 2606 3550 in
2637 3505 2750 3550 so·

510 3583 764 3646 cietate
796 3592 957 3646 sunt
986 3603 1001 3660 ;
1042 3594 1115 3648 et
1152 3582 1335 3665 quod
1368 3583 1635 3658 mirum,
1670 3581 1834 3646 mali
1865 3581 1965 3645 illi
1995 3591 2164 3646 tunc
2202 3581 2268 3644 in
2303 3601 2426 3644 suo
2449 3579 2754 3661 jucundo

510 3689 689 3742 sunt.
780 3679 953 3742 Inde
990 3681 1240 3761 patuit,
1275 3678 1497 3760 qualis
1535 3687 1764 3742 status
1803 3688 1912 3740 est
1949 3677 2228 3759 spiritus
2259 3675 2554 3740 hominis
2591 3677 2753 3740 talis

510 3775 573 3837 in
612 3793 919 3856 corpore,
956 3793 1115 3837 nam
1148 3773 1389 3838 similis
1422 3781 1531 3838 est
1570 3772 1793 3856 qualis
1824 3783 1934 3836 est
1972 3781 2132 3855 post
2163 3772 2674 3853 separationem
2713 3791 2754 3834 a

508 3890 816 3952 corpore,
856 3871 1037 3952 quod
1089 3889 1337 3952 nempe
1383 3878 1588 3933 aveat
1635 3889 1756 3932 seu
1801 3869 2249 3950 concupiscat
2290 3866 2588 3948 jucunda
2633 3887 2752 3930 seu

506 3965 685 4028 bona
710 3964 1015 4040 alterius,
1044 3975 1116 4029 et
1146 3975 1483 4048 quantum
1514 3965 1813 4040 obtinet,
1843 3972 2116 4027 tantum
2148 3963 2210 4026 ei
2237 3961 2609 4042 jucundum
2643 3959 2750 4024 sit.·

474 4061 482 4076 ‘
507 4059 619 4122 Ex
652 4059 759 4122 his
776 4061 989 4124 videri
1017 4070 1253 4143 potest
1276 4061 1462 4143 quod
1487 4077 1760 4124 amores
1785 4059 1889 4122 sui
1912 4067 1984 4122 et
2015 4056 2250 4120 mundi
2275 4057 2410 4118 sint
2435 4056 2749 4120 destruc-

506 4156 626 4219 tivi
656 4156 1061 4238 gaudiorum
1099 4156 1296 4230 caeli,
1332 4155 1430 4219 ita
1466 4175 1742 4238 prorsus
1773 4153 2077 4236 oppositi
2105 4150 2526 4216 caelestibus
2557 4169 2750 4216 amo-

504 4250 706 4326 ribus,
748 4252 859 4334 qui
896 4260 1058 4314 sunt
1095 4249 1672 4315 communicativi.

627 4361 845 4428 400.
904 4345 1007 4410 At
1053 4347 1407 4410 sciendum
1453 4355 1584 4422 est,
1631 4344 1814 4428 quod
1853 4342 2226 4426 jucundum
2285 4342 2354 4408 in
2407 4361 2544 4425 quo
2589 4351 2750 4405 sunt

503 4444 613 4525 qui
659 4444 727 4505 in
772 4444 1117 4507 amoribus
1156 4445 1255 4506 sui
1302 4453 1375 4507 et
1422 4443 1657 4506 mundi
1697 4460 1850 4505 cum
1889 4440 2441 4523 appropinquant
2487 4438 2576 4502 ad
2623 4437 2748 4502 ali-

502 4557 705 4622 quam
752 4542 1162 4603 societatem
1212 4538 1613 4612 caelestem,
1662 4537 1754 4600 sit
1807 4535 2180 4618 jucundum
2228 4535 2746 4616 concupisicen-

502 4637 639 4700 tiae
686 4635 977 4706 illorum,
1021 4637 1116 4699 ita
1164 4656 1432 4719 quoque
1472 4653 1748 4717 prorsus
1789 4634 2181 4714 oppositum
2216 4630 2517 4712 jucundo
2555 4630 2747 4694 caeli.
