3371 5304
711 621 812 670 DE
850 619 1096 672 STATU
1133 619 1672 673 INNOCENTIAE
1710 621 2191 676 ANGELORUM
2229 625 2313 676 IN
2348 625 2619 678 CAELO.
2718 628 2839 697 159

590 789 832 856 faciem
879 791 968 856 ad
1013 811 1110 868 se,
1150 792 1310 857 ideo
1345 792 1558 858 etiam
1593 791 1955 878 conjungit
1998 815 2075 861 se
2109 795 2266 873 illis,
2306 817 2467 862 nam
2502 817 2695 864 amor
2728 808 2839 864 est

587 885 982 968 conjunctio
1025 887 1422 971 spiritualis,
1471 890 1631 954 ideo
1673 910 1947 974 quoque
1992 893 2457 958 communicat
2504 915 2629 958 sua
2679 913 2836 959 cum

587 981 742 1046 illis.
831 982 946 1046 Ex
993 983 1116 1046 illa
1152 985 1627 1060 conversione,
1667 994 1743 1049 et
1787 986 1948 1050 inde
1993 985 2476 1069 conjunffione
2522 999 2595 1054 et
2642 1009 2833 1054 com-

587 1077 1055 1142 municatione
1089 1087 1200 1142 est
1237 1078 1506 1160 angelis
1538 1080 1897 1162 sapientia.
1983 1078 2219 1163 (Quod
2258 1084 2480 1148 omnis
2510 1082 2835 1165 conjunc-

586 1172 685 1235 tio
709 1173 776 1235 in
803 1172 1062 1236 mundo
1078 1172 1414 1255 spirituali
1439 1173 1529 1237 sit
1553 1174 1929 1238 secundum
1952 1177 2497 1255 conversionem,
2518 1179 2836 1243 videatur

583 1285 808 1349 supra,
850 1286 916 1332 n.
953 1265 1132 1350 255.)
2438 1263 2445 1268 ⁶

708 1373 895 1444 273.
965 1361 1229 1444 Angeli
1287 1363 1618 1428 continue
1676 1363 2115 1446 perficiuntur
2173 1364 2642 1450 sapientiafff)
2709 1369 2830 1432 sed

584 1475 796 1538 usque
827 1475 964 1520 non
997 1468 1289 1539 possunt
1323 1478 1408 1522 eo
1439 1479 1652 1541 usque
1685 1457 1917 1541 perfici
1954 1461 2019 1522 in
2053 1469 2431 1538 aeternum,
2466 1471 2541 1526 ut
2579 1464 2668 1526 sit
2706 1461 2831 1526 ali·

581 1569 716 1634 qua
751 1554 928 1616 ratio
959 1553 1142 1617 inter
1177 1554 1588 1635 sapientiam
1626 1553 1899 1620 illorum
1936 1565 2011 1620 et
2048 1553 2474 1638 Sapientiam
2509 1557 2831 1622 Divinam

584 1644 905 1725 Domini;
953 1667 1114 1712 nam
1153 1647 1509 1730 Sapientia
1540 1649 1790 1716 Divina
1812 1648 2093 1714 Domini
2124 1661 2233 1715 est
2272 1651 2560 1729 infinita,
2595 1663 2668 1717 et
2706 1673 2831 1716 an-

583 1741 894 1824 gelorum
931 1743 1149 1821 finita,
1189 1755 1262 1810 et
1301 1764 1442 1809 non
1479 1746 1684 1810 datur
1720 1747 1901 1811 ratio
1937 1746 2184 1812 infiniti
2223 1757 2295 1812 et
2333 1747 2529 1813 finiti.

707 1851 898 1922 274„
958 1838 1138 1922 Quia
1189 1841 1531 1923 sapientia
1577 1839 1845 1923 perficit
1892 1843 2206 1924 angelos,
2256 1852 2328 1908 et
2388 1843 2553 1908 facit
2611 1844 2829 1909 vitam

580 1932 876 2010 illorum,
911 1953 990 1998 ac
1029 1936 1186 2018 quia
1215 1935 1484 2000 caelum
1516 1955 1670 1999 cum
1710 1937 1848 2000 suis
1886 1936 2085 2000 bonis
2117 1937 2335 2002 influit
2367 1939 2549 2021 apud
2584 1958 2829 2004 unum-

581 2029 891 2111 quemvis
937 2030 1312 2094 secundum
1357 2031 1771 2113 sapientiam
1817 2029 1981 2112 ejuS,
2020 2033 2181 2096 ideo
2225 2051 2493 2100 omnes,
2512 2034 2603 2096 ibi
2648 2034 2828 2099 desi·

582 2125 830 2189 derant
889 2123 1102 2200 illam,
1161 2134 1237 2190 et
1293 2134 1636 2209 appetunt
1696 2125 1909 2202 illam,
1956 2127 2078 2191 vix
2138 2119 2338 2192 aliter
2394 2147 2599 2211 quam
2650 2131 2829 2194 sicut

580 2220 814 2296 home,
840 2221 955 2304 qui
991 2223 1060 2286 in
1091 2221 1270 2285 same
1301 2230 1432 2298 est,
1461 2221 1731 2286 cibum:
1780 2231 1889 2286 est
1920 2241 2189 2304 quoque
2221 2223 2533 2298 scientia,
2568 2224 2836 2288 intelli·.

581 2318 841 2398 gentia,
898 2326 972 2381 et
1031 2317 1392 2399 sapientia,
1432 2317 1723 2380 nutritio
1779 2317 2175 2399 spiritualis,
2233 2319 2411 2382 sicut
2470 2319 2661 2384 cibus
2720 2329 2828 2384 est

583 2412 870 2476 nutritio
909 2410 1285 2489 naturalis;
1332 2412 1885 2495 correspondent
1922 2412 2135 2477 etiam
2174 2413 2303 2476 sibi
2342 2423 2601 2478 mutuo.

706 2519 894 2588 275·
959 2506 1220 2589 Angeli
1255 2509 1324 2571 in
1361 2527 1498 2570 uno
1535 2506 1752 2583 caelo,
1792 2517 1867 2572 et
1902 2528 2175 2590 quoque
2210 2509 2279 2572 in
2319 2528 2451 2572 una
2488 2509 2827 2574 societate

581 2602 778 2678 caeli,
818 2621 956 2666 non
1016 2603 1084 2666 in
1145 2602 1350 2667 simili
1402 2603 1745 2686 sapientia
1790 2611 1973 2679 sunt,
2030 2604 2153 2669 sed
2214 2604 2283 2668 in
2342 2603 2697 2685 dissimili3
2758 2606 2827 2669 in

580 2700 886 2763 maxima
911 2699 1250 2781 sapientia
1281 2706 1444 2763 sunt
1476 2699 1588 2782 qui
1621 2699 1690 2763 in
1728 2699 1979 2774 medio,
2014 2700 2084 2762 in
2118 2700 2379 2763 minore
2399 2699 2512 2782 qui
2536 2700 2827 2765 circum·

579 2794 759 2858 circa
777 2814 989 2879 usque
1012 2793 1100 2857 ad
1128 2793 1460 2858 terminos
1485 2813 1502 2857 z
1543 2792 2019 2858 decrescentia
2042 2794 2423 2877 sapientiae
2447 2794 2827 2860 secundum

579 2890 952 2953 distantias
997 2908 1039 2951 a
1083 2888 1312 2953 medio
1357 2896 1468 2952 est
1513 2888 1693 2953 sicut
1729 2888 2211 2953 decrescentia
2257 2889 2427 2954 lucis
2473 2890 2827 2972 vergentis

579 2986 667 3049 ad
705 2985 1016 3048 umbram
1052 2981 1401 3064 (videatur
1437 3004 1664 3067 supra,
1702 3004 1766 3047 n.
1801 2982 2113 3066 43—128).
2203 2982 2361 3047 Lux
2394 2986 2607 3049 etiam
2645 2987 2825 3068 apud

581 3076 736 3141 illos
793 3079 864 3141 in
922 3078 1126 3142 simili
1172 3077 1392 3160 gradu
1445 3087 1578 3154 est,
1619 3079 1943 3161 quoniam
2002 3077 2125 3143 lux
2180 3078 2353 3143 caeli
2408 3087 2515 3143 est
2574 3078 2827 3145 Divina

579 3171 952 3257 Sapientia,
999 3182 1070 3238 et
1116 3174 1400 3257 quisque
1442 3174 1512 3237 in
1567 3173 1721 3237 luce
1768 3184 1880 3237 est
1924 3174 2304 3255 secundum
2351 3176 2823 3256 receptionem

579 3268 742 3350 ejus.
837 3268 978 3352 (De
1023 3266 1214 3333 Luce
1259 3268 1452 3334 Caeli
1495 3278 1568 3333 et
1621 3267 1764 3351 ejus
1807 3269 1997 3333 varia
2041 3271 2463 3351 receptione,
2511 3270 2827 3334 videatur

581 3383 805 3449 supra,
843 3384 909 3428 n.
955 3362 1298 3447 126—132.)

1536 3736 1865 3821 [XXX1.]

689 3923 806 3988 DE
851 3936 1100 3991 suro
1158 3934 1699 3989 ιΝΝοοΕΝἸ-ῙΑΕ
1741 3921 2245 3987 ANGELORUM
2294 3933 2379 3985 m
2426 3916 2713 3985 CAELO.

709 4104 904 4189 276.
964 4103 1144 4187 Quid
1193 4104 1612 4181 innocentia,
1661 4112 1733 4167 et
1779 4102 1999 4186 qualis
2044 4102 2183 4178 illa,
2231 4122 2273 4166 a
2330 4100 2566 4185 paucis
2611 4100 2823 4165 scitur

583 4202 652 4265 in
689 4200 967 4278 mundo,
1001 4212 1076 4266 et
1112 4222 1386 4285 prorsus
1417 4220 1556 4265 non
1595 4200 1683 4264 ab
1720 4198 1854 4263 illis
1886 4197 1999 4283 qui
2034 4199 2103 4263 in
2142 4198 2327 4263 malo
2359 4207 2563 4263 sunt:
2611 4216 2823 4281 appa-

584 4307 690 4363 ret
722 4297 994 4381 quidem
1028 4316 1260 4361 coram
1291 4296 1528 4371 oculiS,
1555 4304 1629 4359 et
1665 4294 1797 4359 hoc
1830 4316 1921 4360 ex
1952 4294 2147 4369 facie,
2175 4293 2471 4377 loquela,
2506 4303 2580 4358 et
2602 4292 2821 4377 gesti·

1381 4493 1457 4546 (α
1483 4502 1678 4535 ΑιςΛκιε
1703 4492 2032 4547 canus-rinus.)

696 4599 802 4671 (s)
843 4596 1020 4671 Quod
1049 4597 1245 4670 angeli
1274 4597 1332 4652 in
1359 4606 1670 4652 aeternum
1700 4593 2088 4667 perficiantur
2113 4595 2195 4660 (n.
2220 4592 2378 4664 4803.
2403 4592 2589 4662 6648).
