3371 5304
543 637 570 684 1
589 630 666 699 52
1199 629 1304 682 DE
1347 629 1604 684 CAELO
1641 630 1759 683 ET·
1786 631 2151 689 INFERNO.

535 820 738 884 super
774 799 1122 867 donantur
1159 799 1478 885 jucundis
1522 811 1594 868 et
1633 805 1945 868 amoenis
1982 805 2359 870 secundum
2398 806 2779 890 sapientiae

533 896 1004 979 receptionem
1035 919 1076 962 a
1107 897 1430 963 Domino.
1524 898 1719 964 Haec
1759 898 1947 965 dieta
1982 911 2165 978 sunt,
2194 911 2270 966 ut
2306 903 2564 967 sciatur
2600 905 2781 970 unde

531 991 800 1074 angelis
833 1001 1033 1057 tanta
1070 994 1408 1076 sapientia
1445 991 1662 1058 est.(⁸⁸>

655 1087 850 1169 267·
903 1086 1110 1170 Quod
1141 1087 1374 1172 angeli
1407 1099 1680 1155 tantam
1706 1091 2120 1172 sapientiam
2152 1091 2455 1175 recipere
2486 1094 2780 1176 possint,

531 1190 641 1246 est
688 1183 844 1265 quia
889 1193 1134 1266 aperta
1177 1195 1338 1250 sunt
1396 1186 1724 1250 interiora
1783 1205 2043 1262 eorum,
2084 1196 2158 1253 et
2216 1188 2561 1270 sapientia
2603 1189 2779 1254 sicut

530 1278 754 1342 omnis
785 1277 1113 1360 perfectio
1143 1281 1394 1344 crescit
1425 1300 1664 1346 versus
1689 1281 2038 1358 interiora,
2071 1283 2173 1347 ita
2202 1282 2577 1348 secundum
2614 1303 2779 1366 ape-

529 1373 854 1438 ritionem
885 1369 1214 1438 eorum.(⁶)
1303 1373 1479 1439 Sunt
1514 1384 1654 1440 tres
1685 1376 1942 1457 gradus
1974 1376 2183 1452 vitae,
2218 1378 2332 1459 qui
2370 1397 2779 1460 correspon-

529 1468 699 1534 dent
745 1469 963 1534 tribus
1009 1470 1242 1547 caelis,
1281 1471 1464 1554 apud
1512 1472 2031 1556 unumquemvis
2074 1472 2399 1554 angelum
2442 1473 2780 1557 (videatur

529 1585 593 1628 n.
631 1561 874 1647 29-40)
911 1586 926 1643 ;
982 1565 1104 1640 illi,
1153 1566 1335 1648 apud
1380 1587 1552 1650 quos
1600 1566 1859 1649 primus
1898 1567 2159 1648 gradus
2204 1576 2489 1650 apertus
2535 1581 2663 1644 est,
2710 1568 2779 1632 in

528 1659 726 1724 caelo
756 1661 976 1742 primo
1007 1681 1128 1724 seu
1162 1661 1406 1727 ultimo
1437 1671 1640 1740 sunt;
1687 1661 1809 1736 illi,
1837 1664 2019 1744 apud
2050 1683 2223 1745 quos
2246 1663 2589 1728 secundus
2616 1684 2777 1746 gra·

529 1756 657 1819 dus
709 1766 989 1839 apertus
1037 1768 1170 1832 est,
1221 1757 1290 1820 in
1355 1756 1553 1821 caelo
1603 1757 1911 1822 secundo
1964 1777 2086 1821 seu
2134 1759 2365 1822 medio
2412 1769 2620 1836 sunt;
2681 1758 2779 1822 illi

527 1860 764 1916 autem
795 1853 976 1935 apud
1007 1873 1180 1935 quos
1204 1853 1452 1916 tertius
1478 1853 1731 1934 gradus
1756 1862 2037 1934 apertus
2072 1863 2203 1928 est,
2240 1854 2307 1916 in
2339 1853 2537 1918 caelo
2570 1855 2779 1918 tertio

529 1967 650 2011 seu
695 1949 942 2012 intimo
987 1957 1188 2012 sunt:
1240 1947 1619 2012 secundum
1656 1948 1786 2011 hos
1823 1947 2077 2030 gradus
2122 1956 2232 2012 est
2279 1949 2621 2032 sapientia
2655 1969 2776 2013 an-

529 2041 842 2124 gelorum
887 2044 957 2106 in
1003 2042 1255 2122 caelis;
1316 2043 1479 2107 inde
1515 2043 1861 2126 sapientia
1898 2041 2301 2124 angelorum
2342 2044 2567 2107 intimi
2606 2045 2778 2108 caeli

529 2138 936 2202 immensum
976 2138 1410 2203 transcendit
1448 2139 1865 2222 sapientiam
1896 2137 2301 2220 angelorum
2341 2138 2549 2203 medii
2582 2140 2775 2212 caeli,

527 2241 598 2296 et
637 2233 880 2298 horum
919 2234 1263 2316 sapientia
1298 2234 1711 2316 sapientiam
1743 2232 2148 2316 angelorum
2186 2232 2409 2298 ultimi
2440 2233 2613 2298 caeli
2654 2233 2781 2316 (vi-

531 2329 776 2394 deatur
813 2348 1038 2412 supra,
1087 2347 1154 2393 n.
1199 2344 1346 2409 209,
1386 2343 1550 2406 2103
1613 2337 1687 2392 et
1732 2326 1973 2412 quales
2018 2327 2275 2410 gradus
2318 2329 2483 2402 sint,
2532 2349 2597 2393 n.
2644 2328 2777 2412 38).

530 2423 734 2507 Quod
775 2423 944 2488 talia
979 2424 1376 2489 discrimina
1413 2423 1574 2499 sint,
1613 2433 1727 2488 est
1767 2423 1925 2506 quia
1960 2421 2079 2487 illa
2114 2443 2289 2505 quae
2335 2423 2405 2487 in
2450 2424 2779 2506 superiori

531 2520 748 2602 gradu
779 2527 965 2596 sunt,
999 2517 1374 2602 singularia
1403 2529 1584 2596 sunt,
1619 2527 1693 2583 et
1723 2538 1899 2603 quae
1936 2518 2006 2582 in
2037 2519 2336 2583 inferiori
2367 2520 2774 2594 communia,

528 2624 601 2680 et
633 2615 1024 2681 communia
1049 2623 1210 2679 sunt
1237 2613 1670 2679 continentia
1692 2612 2140 2697 singularium
2170 2635 2187 2694 ;
2236 2633 2311 2679 se
2342 2613 2605 2679 habent
2638 2615 2777 2678 sin-

527 2710 792 2793 gularia
815 2711 903 2775 ad
937 2710 1331 2775 communia
1349 2709 1528 2774 sicut
1553 2709 1767 2773 millia
1791 2718 1912 2773 aut
1938 2710 2283 2791 myriades
2307 2710 2395 2773 ad
2430 2729 2657 2783 unum,
2684 2710 2779 2773 ita

527 2805 867 2888 sapientia
903 2806 1310 2887 angelorum
1349 2806 1718 2887 superioris
1753 2804 1932 2869 caeli
1976 2806 2066 2869 ad
2114 2806 2519 2888 sapientiam
2559 2824 2775 2886 ange-

527 2901 746 2963 lorum
801 2899 1130 2965 inferioris
1195 2900 1371 2965 caeli
1431 2898 1841 2980 respective.
1930 2898 2070 2964 Sed
2136 2901 2378 2964 horum
2435 2900 2777 2983 sapientia

527 3016 739 3078 usque
769 2996 1084 3060 similiter
1115 2996 1548 3060 transcendit
1579 2996 1986 3079 sapientiam
2020 2994 2339 3068 hominis,
2375 3014 2533 3058 nam
2566 2993 2777 3057 homo

526 3092 594 3154 in
633 3109 964 3173 corporeo
1009 3100 1082 3154 et
1127 3089 1270 3171 ejus
1306 3090 1735 3154 sensualibus
1773 3100 1905 3164 est,
1941 3098 2015 3153 et
2062 3090 2409 3153 sensualia
2446 3108 2777 3171 corporea

527 3185 822 3249 hominis
860 3194 1022 3249 sunt
1068 3186 1136 3248 in
1173 3182 1409 3249 infimo
1445 3186 1684 3266 gradu.
1774 3183 1947 3248 Inde
1984 3194 2207 3266 patet,
2247 3183 2469 3267 qualis
2506 3184 2774 3266 sapien-

527 3282 628 3347 tia
670 3290 779 3345 est
824 3279 960 3346 illis
993 3282 1110 3365 qui
1154 3301 1246 3345 ex
1293 3279 1724 3345 sensualibus
1762 3280 2105 3361 cogitant,
2147 3279 2275 3343 hoc
2316 3288 2448 3354 est,
2488 3278 2623 3341 illis
2666 3278 2778 3361 qui

1329 3476 1980 3529 (namnum-unam.)

635 3581 746 3651 (u)
788 3580 881 3636 De
909 3578 1204 3652 sapientia
1230 3578 1584 3651 angelorum
1605 3578 1771 3650 quod
1798 3576 1879 3633 sit
1908 3576 2449 3648 incomprensibilia
2478 3586 2543 3632 et
2572 3576 2777 3632 inefla-

527 3652 665 3709 bilis
694 3654 774 3721 (ιι.
803 3662 960 3720 2795,
987 3652 1143 3721 2796,
1167 3650 1324 3715 2802,
1351 3664 1506 3721 3314·
1535 3664 1692 3721 3404,
1719 3662 1874 3721 3405,
1901 3664 2059 3719 9094.
2079 3648 2266 3719 9176).

635 3764 720 3835 (a)
763 3760 942 3847 Quod
980 3771 1274 3833 quantum
1311 3760 1497 3817 homo
1533 3763 1611 3817 ab
1647 3760 1912 3819 externis
1941 3758 2214 3815 elevatur
2240 3776 2448 3815 versus
2480 3758 2775 3820 interiora.

524 3846 762 3893 tantum
795 3850 856 3887 m
884 3834 1095 3895 lucem.
1125 3832 1210 3887 ita
1233 3842 1472 3887 tantum
1499 3832 1559 3887 in
1588 3830 2051 3903 intelligentiam
2072 3830 2275 3886 veniat
2302 3832 2383 3901 (ιι.
2409 3829 2568 3899 6ι83.
2588 3830 2774 3898 6313).

692 3905 815 3961 uod
839 3902 1090 3959 actualis
1115 3904 1195 3959 sit
1218 3902 1480 3959 elevatio
1507 3906 1590 3973 (n.
1617 3902 1775 3970 7816,
1808 3902 2022 3971 10330).

734 3975 815 4031 od
835 3975 1095 4032 elevatio
1119 3976 1196 4029 ab
1221 3974 1484 4031 externis
1509 3975 1586 4029 ad
1613 3974 1902 4029 interiora
1919 3973 1997 4028 sit
2016 3972 2175 4029 sicut
2198 3987 2237 4029 a
2258 3971 2466 4027 nimbo
2492 3970 2552 4025 in
2578 3970 2771 4025 lucem

531 4051 614 4120 (n.
681 4047 826 4118 598)-

695 4118 815 4174 uod
853 4118 1153 4174 exteriora
1187 4115 1514 4173 remotiora
1547 4115 1670 4171 sint
1707 4132 1745 4172 a
1782 4114 2006 4171 Divino
2041 4115 2200 4187 apud
2238 4110 2564 4175 hominem.
2594 4128 2777 4183 quare

530 4192 786 4249 obscura
810 4187 1142 4259 respefflve
1168 4198 1310 4244 sunt
1338 4190 1419 4258 (n.
1445 4187 1629 4256 ⁶45¹)·
2006 4196 2013 4201 ·

637 4260 714 4315 Et
738 4275 980 4331 quoque
1007 4260 1348 4315 inordinata
1372 4256 1702 4327 respective
1734 4258 1815 4325 (n.
1842 4255 1964 4326 996,
1992 4255 2173 4325 3855).

735 4331 817 4387 od
857 4330 1140 4387 interiora
1175 4331 1298 4385 sint
1335 4328 1693 4401 perfectiora
1728 4328 1872 4400 quia
1906 4326 2187 4400 propiora
2226 4324 2451 4381 Divino
2492 4326 2574 4395 (n.
2622 4323 2767 4394 5146

533 4416 667 4474 ⁵¹4⁷
696 4472 817 4528 uod
857 4472 916 4525 in
957 4470 1196 4526 interno
1222 4470 1406 4525 millia
1440 4477 1505 4525 et
1533 4469 1723 4524 millia
1758 4468 1893 4530 sint.
1920 4484 2075 4541 quae
2112 4467 2171 4521 in
2210 4476 2463 4523 externo
2486 4476 2773 4537 apparent

533 4556 604 4601 ut
627 4558 948 4599 commune
974 4558 1160 4596 unum
1189 4548 1270 4609 (n.
1301 4542 1479 4610 5707).

638 4604 814 4689 Ωιιοά
845 4614 983 4669 inde
1003 4612 1294 4686 cogitatio
1319 4622 1380 4667 et
1399 4610 1709 4683 perceptio
1732 4626 1856 4683 quo
1877 4610 2126 4665 interior
2152 4626 2225 4665 eo
2250 4609 2465 4663 clarior
2486 4612 2569 4675 (n.
2600 4618 2776 4677 59²0)-
