3371 5304
1185 616 1285 667 DE
1332 617 1796 669 INFANTIBUS
1841 618 1926 669 IN
1969 618 2242 671 CAELO.
2714 624 2835 691 205

582 790 809 873 periit,
848 788 1351 855 erubescebant
1398 788 1814 866 nuditatem,
1844 797 1918 853 et
1961 808 2036 853 se
2082 788 2604 865 abscondebant
2656 792 2834 877 (cap.

582 886 669 947 iii.
687 900 861 965 7,10,
900 900 923 947 1
943 882 1027 966 1).
1117 882 1377 958 Verbo,
1400 902 1539 965 quo
1562 884 2017 968 sapientiores
2047 885 2280 966 angeli
2311 896 2494 960 sunt,
2523 908 2609 951 eo
2639 890 2833 953 inno-

579 980 963 1057 centiores;
1010 987 1083 1042 et
1113 998 1249 1061 quo
1270 978 1806 1054 innocentioreS,
1835 1000 1920 1043 eo
1955 979 2106 1061 plus
2131 992 2472 1061 apparent
2504 982 2632 1046 sibi
2657 985 2834 1047 sicut

578 1074 897 1141 infantes.
997 1072 1167 1137 Inde
1224 1083 1357 1149 est,
1406 1073 1591 1156 quod
1644 1073 1990 1137 “infantia
2011 1073 2042 1099 ”
2087 1075 2158 1137 in
2208 1072 2445 1140 Verbo
2491 1077 2834 1159 significet

558 1170 1045 1235 ‘innocentiam
1086 1167 1431 1250 (videatur
1472 1188 1696 1251 supra,
1741 1190 1804 1233 ii.
1845 1168 2023 1252 278).

702 1280 899 1351 342·
964 1263 1273 1327 Locutus
1326 1284 1477 1327 siim
1532 1284 1688 1327 cum
1743 1263 2012 1346 angelis
2072 1264 2162 1329 de
2229 1266 2620 1341 infantibus,
2673 1288 2833 1331 num

578 1360 725 1441 puri
771 1360 911 1423 sint
966 1380 1009 1422 a
1066 1358 1285 1432 maliS‚
1327 1360 1485 1442 quia
1542 1358 1676 1423 illis
1723 1358 1984 1423 nullum
2031 1357 2300 1424 actuale
2341 1359 2617 1437 malum,
2657 1364 2834 1427 sicut

576 1455 852 1519 adultis.
942 1453 1081 1519 Sed
1141 1452 1399 1519 dictum
1444 1464 1553 1519 est
1598 1454 1787 1529 mihi,
1839 1454 2024 1537 quod
2085 1454 2184 1519 illi
2243 1476 2458 1538 aeque
2519 1458 2587 1519 in
2647 1459 2834 1523 malo

577 1550 737 1625 sint,
774 1551 988 1613 immo
1022 1550 1207 1633 quod
1252 1549 1666 1634 illiquoque
1715 1550 1882 1614 nihil
1931 1551 2060 1613 nisi
2099 1550 2356 1614 malum
2397 1552 2535 1614 sint
2559 1550 2666 1614 ἔθ’)
2711 1554 2832 1619 sed

576 1645 758 1728 quod
792 1646 856 1720 ii,
884 1646 1062 1709 sicut
1094 1665 1333 1709 omnes
1366 1646 1617 1729 angeli,
1646 1646 2092 1709 detineantur
2121 1666 2164 1709 a
2195 1644 2404 1721 male,
2437 1654 2510 1709 et
2544 1656 2830 1711 tenean-

578 1749 691 1803 tur
724 1740 793 1803 in
833 1739 1019 1805 bono
1052 1761 1095 1803 a
1132 1740 1453 1817 Domino,
1491 1761 1704 1823 usque
1735 1742 1914 1805 adeo
1951 1749 2024 1804 ut
2053 1750 2389 1824 appareat
2427 1742 2512 1804 iis
2547 1742 2724 1806 sicut
2765 1744 2830 1805 in

576 1834 763 1899 bono
807 1854 899 1898 ex
960 1856 1036 1899 se
1087 1836 1261 1898 sint:
1319 1855 1527 1918 quare
1566 1836 1778 1901 etiam
1816 1835 2139 1911 infantes,
2191 1846 2562 1919 postquam
2609 1837 2830 1901 adulti

575 1928 736 1995 sacti
772 1939 933 1994 sunt
978 1931 1047 1994 in
1092 1931 1309 2005 caelo,
1352 1949 1437 1993 ne
1482 1931 1551 1993 in
1596 1930 1768 1994 falsa
1801 1932 2125 2012 opinione
2169 1932 2258 1995 de
2317 1951 2392 1994 se
2436 1932 2598 2007 sint,
2647 1932 2828 2015 quod

576 2022 831 2089 bonum
864 2024 1046 2107 apud
1078 2045 1197 2088 eos
1228 2026 1318 2089 sit
1356 2046 1447 2089 ex
1480 2026 1582 2100 iis,
1616 2035 1689 2088 et
1727 2044 1866 2089 non
1899 2046 1990 2089 ex
2023 2026 2348 2099 Domino,
2383 2028 2833 2091 remittuntur

578 2120 990 2204 quandoque
1022 2120 1091 2182 in
1124 2120 1305 2183 mala
1336 2140 1479 2194 sua,
1514 2140 1693 2202 quae
1727 2119 2146 2184 hereditario
2177 2132 2618 2202 acceperunt,
2651 2130 2725 2186 et
2761 2123 2829 2185 in

574 2215 709 2277 illis
742 2214 1232 2298 relinquuntur,
1255 2234 1467 2296 usque
1498 2216 1663 2277 dum
1688 2215 1936 2289 sciunt,
1963 2225 2380 2297 agnoscunt,
2408 2224 2480 2279 et
2513 2217 2826 2291 credunt,

574 2309 756 2393 quod
787 2309 886 2372 ita
922 2329 999 2372 se
1030 2330 1137 2373 res
1161 2308 1437 2371 habeat.
1538 2306 1838 2389 Quidam
1862 2310 2076 2373 etiam
2101 2311 2214 2393 qui
2247 2309 2470 2373 infans
2495 2320 2825 2387 mortuuS,

574 2403 697 2468 sed
731 2403 843 2486 qui
875 2402 1181 2467 adolevit
1214 2404 1283 2467 in
1315 2402 1533 2479 caelo,
1567 2404 1637 2467 in
1668 2403 1872 2467 simili
1895 2405 2221 2487 opinione
2245 2404 2368 2467 fuit
2399 2425 2416 2481 3
2463 2414 2614 2469 erat
2645 2408 2829 2489 regis

574 2498 924 2581 cujusdam
982 2496 1197 2565 filius:
1257 2518 1465 2581 quare
1529 2499 1599 2561 in
1651 2498 1870 2561 vitam
1937 2497 2274 2563 malorum
2333 2498 2462 2563 sibi
2513 2500 2824 2563 innatam

574 2595 896 2660 remissus
940 2603 1071 2669 est,
1110 2602 1183 2658 et
1230 2602 1393 2658 tunc
1442 2594 1718 2676 percepi
1763 2614 1854 2658 ex
1901 2593 2192 2676 sphaera
2229 2594 2417 2659 vitae
2455 2592 2600 2677 ejus
2643 2596 2826 2678 quod

572 2689 863 2754 haberet
924 2690 1226 2753 animum
1272 2688 1653 2771 imperandi
1713 2687 1885 2760 aliis,
1926 2699 1998 2753 et
2057 2689 2241 2770 quod
2302 2689 2642 2754 adulteria
2701 2711 2826 2773 pro

577 2783 792 2849 nihilo
850 2784 1272 2858 aestimaret,
1330 2803 1505 2867 quae
1564 2781 1834 2846 suerunt
1893 2784 1956 2846 el
2017 2781 2201 2846 mala
2253 2783 2676 2849 hereditario
2733 2805 2822 2849 ex

575 2880 1027 2962 parentibus:
1090 2889 1163 2943 at
1210 2890 1577 2962 postquam
1622 2879 1914 2960 agnovit
1959 2879 2144 2960 quod
2199 2879 2362 2944 talis
2406 2889 2616 2954 esset,
2657 2890 2822 2945 tunc

574 2976 821 3039 iterum
866 2983 1189 3056 receptus
1232 2982 1345 3038 est
1400 2975 1580 3037 inter
1624 2971 1934 3054 angelos,
1982 2973 2162 3037 inter
2219 2993 2390 3056 quos
2442 2975 2624 3056 prius
2677 2975 2822 3040 fuit.

574 3067 929 3150 Nusquam
958 3067 1203 3151 aliquis
1240 3069 1307 3130 iii
1338 3068 1559 3132 altera
1589 3069 1737 3130 vita
1769 3066 1894 3131 luit
1926 3086 2222 3149 poenam
2253 3079 2536 3150 propter
2567 3068 2821 3132 malum

573 3161 1087 3238 hereditarium,
1121 3163 1279 3244 quia
1300 3161 1447 3243 ejus
1479 3182 1618 3225 non
1649 3170 1782 3235 est,
1804 3163 1906 3226 ita
1937 3181 2073 3226 non
2107 3162 2178 3225 in
2211 3161 2412 3245 culpa
2441 3163 2626 3246 quod
2659 3163 2821 3228 talis

1342 3357 1447 3412 [(ικ
1471 3369 1667 3400 amun
1689 3359 2038 3412 cumn

681 3461 781 3543 (ss)
833 3457 1011 3532 Quod
1050 3459 1347 3522 homines.
1370 3469 1764 3530 quotcunque
1793 3471 1952 3522 sunt.
1979 3469 2306 3516 nascantur
2341 3460 2402 3514 iii
2443 3461 2600 3516 mala
2623 3461 2820 3517 omnis

571 3547 823 3666 fencris.
856 3546 1045 3602 usque
1074 3531 1227 3584 adeo
1264 3539 1333 3584 ut
1340 3531 1677 3654 6proprium
1708 3547 1917 3586 eorum
1955 3547 2078 3585 non
2115 3530 2196 3584 sit
2232 3530 2348 3586 nisi
2379 3547 2559 3600 quam
2593 3534 2816 3586 malum
2921 3595 2930 3605 ἡ

1378 3643 1392 3662 .

604 3619 657 3656 n.
685 3615 807 3663 210.
834 3613 955 3670 2¹5·
981 3613 1103 3669 73¹.
1129 3599 1336 3666 874-87
1414 3601 1541 3668 987,
1573 3613 1725 3666 1047,
1753 3614 1910 3669 2307.
1936 3601 2091 3669 2308.
2121 3600 2276 3671 35¹8·
2305 3614 2459 3671 3701,
2482 3601 2638 3671 3812,
2661 3601 2818 3669 8480,

574 3673 729 3740 8550,
762 3671 949 3739 10283.
976 3671 1163 3736 10284,
1196 3671 1381 3732 10286,
1409 3669 1631 3740 io73i[?
1664 3671 1899 3740 ¹073²])·

738 3742 861 3796 uod
882 3742 1069 3796 homo
1087 3742 1227 3796 ideo
1242 3742 1647 3796 renasoendus
1664 3741 1762 3802 sit.
1785 3742 1904 3796 hoc
1924 3750 2036 3802 est.
2057 3741 2500 3811 regenerandus
2521 3742 2605 3809 (n.
2632 3745 2817 3812 3701).

738 3811 859 3866 uod
896 3813 1119 3866 malum
1158 3812 1585 3867 hereditarium
1627 3811 1894 3867 hominis
1929 3813 2010 3867 sit
2047 3828 2248 3867 amare
2284 3828 2350 3867 se
2391 3827 2534 3882 prae
2575 3811 2724 3876 Dee,
2756 3825 2820 3868 et

575 3882 863 3936 mundum
890 3897 1032 3952 prae
1056 3881 1241 3943 caelo,
1267 3891 1331 3937 et
1355 3881 1527 3937 nihili
1554 3881 2112 4006 facergcproximum
2141 3879 2472 3952 respective
2495 3881 2571 3936 ad
2594 3897 2675 3945 se.
2702 3885 2817 3938 nisi

574 3953 760 4007 modo
784 3964 1033 4023 propter
1054 3967 1137 4016 se,
1164 3953 1250 4007 ita
1275 3963 1483 4016 semet,
1507 3951 1595 4008 sic
1619 3968 1701 4023 qu
1813 3952 1894 4008 sit
1917 3967 2090 4008 amor
2119 3953 2210 4008 sui
2241 3963 2304 4007 et
2335 3951 2546 4007 mundi
2581 3953 2662 4022 (n.
2693 3954 2816 4023 694,

572 4023 1181 4166 ⁷3¹b⁴i÷di⁷l⁹e⁵iffiogiore
1204 4093 1297 4149 sui
1324 4103 1388 4148 et
1426 4093 1653 4161 mundi.
1679 4093 1828 4148 dum
1855 4092 2406 4165 praedominantur,
2431 4095 2639 4150 omnia
2663 4097 2818 4150 mala

571 4163 693 4218 sint
711 4165 791 4302 ἦα.
813 4175 963 4231 1397.
988 4163 1138 4232 1398.
1166 4178 1315 4232 1321.
1343 4175 1491 4232 1594.
1518 4163 1667 4232 1691.
1693 4179 1847 4234 3413.
1869 4176 2025 4234 7255.
2044 4163 2200 4233 7376.
2221 4163 2604 4234 7489[Ρ7488].
2627 4165 2816 4236 7488[?

573 4233 752 4303 7489.
778 4232 935 4302 8318.
962 4245 1119 4304 9335.
1147 4234 1305 4303 9348.
1339 4235 1532 4317 19938.
1558 4237 1774 4318 19742).
1827 4303 1840 4318 ,
1913 4304 1925 4318 ‚
1969 4304 1981 4318 ,
2207 4304 2218 4316 ,
2525 4303 2538 4318 ,

815 4320 852 4359 e
874 4315 1021 4358 sunt
1042 4315 1433 4374 contemptus
1455 4305 1732 4366 aliorum.
1759 4303 2090 4367 inimicitia,
2118 4305 2345 4366 odium,
2370 4302 2662 4368 vindicta,
2687 4321 2817 4361 sae-

572 4374 735 4436 vitia.
754 4375 933 4432 dolus
954 4374 1391 4458 (11.6667.7372.
1412 4387 1573 4444 7373.
1590 4387 1750 4444 7374.
1777 4376 1934 4446 9348.
1963 4374 2146 4445 19338.
2182 4377 2392 4445 19742).

680 4445 755 4499 Et
779 4443 943 4516 quod
969 4460 1043 4500 ex
1064 4444 1159 4500 his
1186 4445 1359 4500 malis
1384 4461 1567 4500 omne
1590 4443 1807 4500 falsum
1838 4447 1919 4516 (ii.
1957 4459 2108 4512 ¹047·
2141 4445 2326 4514 10283.
2355 4443 2540 4512 10284,
2571 4446 2787 4514 10286).

680 4513 859 4588 Quod
892 4515 977 4570 illi
1008 4531 1245 4571 amores
1275 4525 1452 4570 ruant
1488 4515 1549 4570 in
1586 4527 1882 4600 quantum
1915 4517 2002 4571 eis
2039 4516 2314 4572 laxantur
2343 4515 2526 4578 frena.
2553 4527 2616 4572 et
2653 4518 2814 4587 quod

573 4600 743 4640 amor
766 4586 857 4642 sui
882 4601 1074 4655 usque
1098 4587 1175 4642 ad
1202 4587 1491 4642 thronum
1526 4585 1639 4642 Dei
1670 4589 1751 4655 (n.
1777 4599 1936 4657 7375.
1963 4585 2144 4652 8678).
