3371 5304
609 596 729 662 332
1253 595 1354 644 m:
1399 593 1653 646 cauo
1700 595 1798 648 ET
1844 595 2208 648 mrem-10.

601 763 1016 830 strufitiones
1041 767 1429 850 praeparati
1455 776 1614 832 sunt
1653 768 1742 831 ad
1781 766 2069 846 caelum,
2097 769 2279 851 quod
2313 767 2388 833 fit
2424 769 2608 836 intra
2634 770 2847 836 breve

599 870 894 943 tempuS,
943 882 1035 924 ex
1101 882 1307 927 causa
1350 863 1509 946 quia
1574 862 1640 925 in
1702 862 2167 946 spiritualibus
2224 862 2395 927 ideis
2445 874 2627 940 sunt,
2666 885 2841 948 quae

598 957 791 1040 plura
822 957 1025 1021 simul
1055 958 1671 1039 comprehendunt,
1699 967 1865 1023 tunc
1898 960 2269 1024 induuntur
2291 960 2598 1024 vestibus
2622 979 2837 1042 ange·

599 1052 767 1128 licis,
807 1073 980 1136 quae
1019 1053 1415 1149 plerumque
1449 1054 1789 1118 candidae
1821 1062 1982 1119 sunt
2021 1054 2197 1138 sicut
2236 1073 2328 1118 ex
2365 1054 2599 1136 bysso,
2632 1065 2704 1120 et
2742 1056 2841 1118 sic

595 1145 902 1210 feruntur
945 1148 1032 1212 ad
1079 1149 1261 1212 viam
1307 1169 1481 1232 quae
1528 1167 1794 1212 sursum
1842 1149 2070 1212 tendit
2116 1148 2205 1213 ad
2250 1149 2536 1224 caelum,
2577 1169 2657 1216 ac
2694 1159 2835 1213 tra-

597 1242 849 1306 duntur
885 1242 1154 1326 angelis
1191 1245 1592 1308 custodibus
1639 1243 1753 1320 ibi,
1794 1255 1867 1308 et
1913 1244 2071 1307 dein
2108 1244 2523 1326 recipiuntur
2559 1244 2648 1308 ab
2690 1243 2841 1308 aliis

595 1337 884 1419 angelis,
932 1357 1012 1402 ac
1071 1339 1138 1402 in
1188 1340 1564 1403 societates
1607 1339 2158 1415 introducuntur,
2199 1349 2271 1402 et
2331 1339 2401 1402 in
2460 1338 2690 1421 plures
2744 1339 2837 1402 ibi

594 1429 1011 1496 faustitateS.
1101 1430 1404 1517 Quisque
1442 1434 1600 1498 dein
1647 1435 1717 1497 in
1762 1454 1954 1497 suam
1994 1435 2399 1498 societatem
2450 1455 2493 1498 a
2537 1435 2836 1499 Domino

594 1523 846 1606 fertur3
894 1528 1078 1610 quod
1112 1529 1323 1593 etiam
1361 1527 1438 1592 fit
1477 1549 1597 1610 per
1633 1529 1855 1592 varias
1888 1530 2055 1602 vias,
2090 1530 2498 1613 quandoque
2530 1550 2651 1612 per
2687 1547 2831 1592 arn-

594 1620 827 1703 bageS.
918 1621 1110 1697 vias,
1153 1643 1274 1706 per
1318 1643 1486 1706 quas
1525 1623 1887 1698 ducuntur,
1923 1622 2149 1686 nullus
2187 1623 2475 1704 angelus
2514 1624 2668 1698 scit,
2708 1623 2829 1689 sed

592 1715 779 1779 solus
827 1715 1182 1780 Dominus,
1277 1715 1448 1780 Cum
1495 1716 1585 1780 ad
1631 1736 1827 1780 suam
1872 1720 2279 1782 societatem
2317 1719 2625 1794 veniunt,
2667 1727 2829 1784 tunc

591 1812 987 1889 aperiuntur
1022 1811 1350 1875 interiora
1387 1830 1646 1886 eorum,
1688 1831 1863 1892 quae
1908 1813 2069 1894 quia
2105 1811 2482 1876 conformia
2517 1822 2676 1876 sunt
2720 1813 2827 1877 in-

590 1906 950 1969 terioribus
975 1907 1403 1988 angelorum,
1431 1907 1544 1988 qui
1575 1905 1649 1968 in'
1673 1906 1792 1969 illa
1817 1907 2156 1970 societate
2182 1916 2365 1984 sunt,
2391 1907 2549 1972 ideo
2573 1928 2827 1990 agnos-

590 2010 839 2065 cuntur
876 2001 1082 2076 illico,
1115 2011 1195 2064 ret
1235 2021 1389 2063 cum
1427 2001 1683 2083 gaudio
1720 2001 2159 2084 recipiuntur.

713 2108 915 2177 520.
977 2095 1106 2160 His
1150 2096 1355 2159 velim
1401 2095 1696 2177 adjicere
1743 2095 1993 2178 aliquid
2045 2097 2492 2161 memorabile
2538 2097 2623 2160 de
2676 2098 2824 2174 viis,

589 2209 760 2270 quae
800 2211 889 2252 ex
929 2190 1062 2254 illis
1095 2191 1266 2254 locis
1297 2191 1558 2254 ducunt
1591 2191 1678 2253 ad
1720 2191 2009 2266 caelum,
2058 2200 2129 2254 et
2168 2211 2287 2273 per
2316 2212 2485 2274 quas
2517 2192 2825 2256 introdu-

587 2294 829 2348 cuntur
864 2287 1107 2350 novitii
1145 2286 1394 2366 angeli.
1484 2283 1658 2349 Sunt
1693 2281 1853 2349 oc'to
1884 2285 2058 2361 viae,
2092 2285 2293 2349 binae
2328 2286 2418 2349 ab
2450 2288 2825 2370 unoquovis

587 2378 743 2442 loco
777 2379 1241 2444 instructionis
1267 2401 1284 2458 3
1335 2399 1466 2442 una
1499 2381 1812 2444 ascendit
1844 2401 2077 2444 versus
2102 2365 2460 2457 orientem,
2488 2380 2707 2445 altera
2735 2382 2825 2445 ad

585 2475 1041 2539 occidentem.
1132 2472 1266 2555 Qui
1331 2475 1400 2537 in
1465 2493 1754 2555 regnum
1815 2473 2121 2539 caeleste
2182 2474 2460 2537 Domini
2516 2477 2820 2552 veniunt,

585 2569 1112 2632 introducuntur
1143 2589 1262 2651 per
1291 2569 1473 2631 viam
1506 2568 1914 2633 orientalem
1940 2590 1957 2646 ;
2003 2569 2115 2651 qui
2148 2578 2379 2631 autem
2410 2570 2499 2633 ad
2537 2590 2821 2654 regnum

583 2664 953 2744 spirituale,
982 2665 1509 2742 introducuntur
1540 2684 1661 2745 per
1684 2665 1866 2727 viam
1893 2664 2417 2728 occidentalem.
2508 2662 2823 2746 Quatuor

585 2760 753 2836 viae,
802 2781 977 2843 quae
1021 2761 1280 2823 ducunt
1327 2757 1412 2821 ad
1461 2778 1750 2839 regnum
1798 2757 2101 2823 caeleste
2147 2757 2447 2835 Domini,
2487 2769 2821 2843 apparent

585 2862 871 2917 ornatae
917 2854 1088 2917 oleis
1133 2863 1205 2917 et
1265 2853 1618 2916 arboribus
1662 2850 2017 2915 fructiferis
2062 2854 2227 2917 varii
2272 2852 2593 2935 generis;
2644 2873 2819 2938 quae

583 2958 812 3013 autem
837 2949 1095 3012 ducunt
1119 2949 1206 3011 ad
1241 2967 1532 3030 regnum⁴
1553 2947 1902 3030 spirituale
1930 2946 2228 3024 Domini,
2256 2957 2591 3031 apparent
2617 2967 2818 3012 orna-

584 3052 693 3105 tae
721 3044 935 3107 vineis
968 3052 1040 3106 et
1081 3042 1346 3106 laureis.
1431 3040 1585 3104 Hoc
1618 3062 1711 3104 ex
1740 3042 2376 3123 correspondentia,
2402 3044 2557 3125 quia
2580 3042 2817 3106 vineae

583 3148 650 3201 et
698 3136 925 3201 laurus
970 3136 1515 3219 correspondent
1561 3132 1905 3202 affectioni
1950 3137 2091 3199 veri
2140 3146 2213 3201 et
2259 3136 2402 3218 ejus
2448 3136 2697 3212 usibuS,
2734 3154 2816 3201 ae

583 3230 774 3296 oleae
812 3242 884 3297 et
921 3228 1174 3296 fructus
1210 3232 1759 3315 correspondent
1797 3227 2138 3296 affectioni
2174 3232 2340 3296 boni
2384 3240 2457 3296 et
2503 3230 2644 3315 ejus
2678 3230 2813 3295 usi·

581 3328 724 3391 buS.

1565 3812 1817 3897 [Lm]

569 3999 802 4083 Quor>
838 4013 1058 4066 NEMO
1096 4014 1198 4065 Ex
1244 4012 1693 4065 mmmmm
1730 3998 2304 4065 MISERICORDIA
2360 4012 2445 4063 m
2482 3993 2805 4065 Canum

1541 4107 1851 4159 vEmA‘r.

695 4295 882 4365 521.
945 4279 1079 4362 Qui
1127 4300 1265 4344 non
1319 4278 1636 4345 instructi
1683 4288 1845 4343 sunt
1900 4280 1985 4344 de
2037 4279 2254 4358 caelo,
2294 4289 2367 4344 et
2420 4281 2505 4344 de
2553 4281 2663 4344 via
2716 4281 2803 4345 ad

571 4377 858 4451 caelum,
893 4386 1038 4441 tum
1080 4376 1166 4440 de
1204 4378 1348 4440 vita
1384 4376 1558 4440 caeli
1596 4374 1777 4458 apud
1816 4375 2185 4451 hominem,
2225 4377 2595 4457 opinantur
2624 4375 2803 4459 quod

569 4472 776 4553 recipi
821 4472 891 4535 in
929 4471 1196 4535 caelum
1234 4472 1326 4534 sit
1364 4470 1585 4534 solum
1633 4490 1725 4533 ex
1771 4471 2260 4545 misericordia,
2300 4490 2477 4554 quae
2512 4470 2649 4535 illis
2692 4471 2803 4553 qui

569 4567 634 4629 in
681 4564 813 4630 fide
851 4575 1036 4640 sunt,
1077 4574 1146 4629 et
1190 4586 1316 4649 pro
1362 4565 1602 4648 quibus
1640 4562 1980 4631 Dominus
2014 4565 2384 4630 intercedit
2417 4587 2433 4645 ;
2489 4565 2585 4631 ita
2622 4565 2801 4649 quod
