3371 5304
824 692 927 744 DE
980 684 1547 744 FUNCTIONIBUS
1592 688 2074 742 ANGELORUM
2121 679 2206 740 IN
2250 688 2526 742 CAELO.
2700 687 2822 757 245

572 863 875 929 ordinati
911 873 1096 940 sunt,
1136 873 1211 930 et
1256 863 1457 927 simul
1496 863 1751 946 sumpti
1797 862 2058 928 faciunt
2105 872 2177 927 et
2224 860 2586 946 perficiunt
2633 882 2828 928 com-

574 976 851 1023 munem
884 978 1105 1035 usum,
1145 960 1258 1043 qui
1296 967 1404 1022 est
1445 978 1810 1023 commune
1842 959 2120 1023 bonum.

697 1064 903 1133 393·
969 1053 1049 1117 In
1088 1054 1582 1118 ecclesiasticis
1614 1064 1776 1116 sunt
1815 1052 1913 1118 illi
1951 1055 2017 1117 in
2057 1052 2278 1129 caelo,
2312 1053 2426 1137 qui
2464 1054 2532 1117 in
2571 1054 2831 1117 mundo

574 1146 881 1212 Verbum
914 1158 1342 1225 amaverunt,
1380 1158 1450 1212 et
1484 1169 1576 1212 ex
1610 1148 1952 1212 desiderio
1984 1150 2483 1232 inquisiverunt
2515 1149 2608 1212 ibi
2640 1168 2826 1218 vera,

574 1264 713 1307 non
752 1253 1032 1327 propter
1070 1242 1405 1307 honorem
1444 1252 1563 1307 aut
1600 1243 1886 1319 lucrum,
1928 1244 2051 1307 sed
2089 1255 2376 1327 propter
2407 1262 2604 1306 usum
2644 1244 2828 1308 vitae

574 1348 645 1402 et
684 1359 846 1402 suae
884 1348 957 1402 et
1005 1338 1331 1416 aliorum3
1386 1338 1489 1402 illi
1536 1338 1913 1402 secundum
1954 1358 2260 1402 amorem
2300 1347 2369 1402 et
2414 1339 2826 1402 desiderium

573 1454 731 1497 usus
762 1432 854 1497 ibi
886 1434 953 1496 in
987 1433 1453 1497 illustratione
1485 1443 1645 1497 sunt
1679 1453 1758 1497 ac
1793 1434 1862 1496 in
1895 1433 2047 1497 luce
2081 1434 2486 1527 sapientiae,
2523 1436 2588 1496 in
2621 1452 2827 1515 quam

574 1529 785 1592 etiam
823 1529 1113 1592 veniunt
1158 1550 1248 1593 ex
1290 1526 1530 1592 Verbo
1577 1530 1643 1591 in
1683 1528 1918 1604 caelis,
1961 1530 2143 1611 quod
2185 1548 2322 1592 non
2362 1527 2678 1591 naturale
2715 1537 2826 1591 est

572 1623 751 1686 sicut
810 1624 878 1685 in
940 1624 1222 1699 mundo,
1273 1624 1396 1687 sed
1455 1624 1812 1707 spirituale
1863 1623 2208 1707 (videatur
2252 1644 2478 1705 supra,
2527 1643 2592 1686 n.
2646 1620 2826 1705 259).

574 1716 667 1781 Hi
728 1718 1286 1800 praedicatorum
1351 1738 1631 1783 munere
1689 1720 2086 1801 funguntur,
2149 1738 2230 1783 ac
2297 1718 2390 1782 ibi
2449 1718 2824 1781 secundum

572 1814 882 1877 ordinem
922 1814 1245 1877 Divinum
1292 1815 1360 1875 in
1406 1814 1736 1896 superiori
1783 1813 1942 1877 loco
1979 1822 2138 1877 sunt
2187 1814 2299 1897 qui
2346 1814 2688 1896 sapientia
2733 1833 2824 1876 ex

573 1907 1035 1972 illustratione
1080 1908 1231 1972 aliis
1275 1917 1659 1991 praestant.
1753 1909 1832 1972 In
1879 1908 2194 1972 civilibus
2240 1919 2399 1972 sunt
2446 1908 2544 1971 illi
2590 1908 2702 1990 qui
2755 1908 2824 1971 in

574 2004 832 2067 mundo
866 2012 1273 2067 amaverunt
1310 2004 1605 2086 patriam
1652 2011 1726 2067 et
1773 2003 1916 2085 ejus
1964 2023 2327 2067 commune
2364 2004 2620 2067 bonum
2661 2023 2824 2085 prae

574 2119 720 2174 suo,
760 2118 839 2161 ac
872 2099 1129 2179 justum
1169 2107 1241 2162 et
1280 2094 1540 2161 rectum
1578 2098 1889 2162 fecerunt
1927 2118 2017 2161 ex
2057 2118 2290 2163 amore
2321 2098 2486 2179 justi
2523 2108 2596 2161 et
2634 2094 2824 2161 recti.

575 2191 928 2275 Quantum
966 2192 1035 2256 hi
1074 2214 1163 2256 ex
1204 2194 1456 2257 amoris
1495 2193 1838 2257 desiderio
1877 2194 2377 2275 inquisiverunt
2417 2192 2608 2275 leges
2632 2191 2820 2273 justi,

572 2307 651 2353 ac
698 2289 857 2353 inde
900 2288 1381 2371 intelligentes
1413 2286 1573 2353 facti
1621 2298 1803 2364 sunt,
1845 2298 2120 2352 tantum
2169 2291 2236 2353 in
2285 2289 2620 2352 facultate
2659 2298 2822 2353 sunt

573 2383 1099 2447 administrandi
1135 2382 1360 2447 officia
1399 2384 1467 2447 in
1506 2383 1727 2459 cae10,
1768 2404 1942 2467 quae
1981 2386 2192 2448 etiam
2227 2384 2716 2449 administrant
2753 2384 2822 2447 in

573 2499 658 2542 eo
703 2478 861 2542 loco
906 2488 1025 2543 aut
1072 2478 1291 2561 gradu
1356 2480 1425 2541 in
1484 2498 1623 2561 quo
1668 2487 1778 2542 est
1825 2479 2294 2562 intelligentia
2341 2498 2598 2553 eorum,
2649 2499 2822 2562 quae

573 2574 783 2637 etiam
822 2582 988 2637 tunc
1036 2574 1105 2636 in
1154 2574 1297 2656 pari
1337 2574 1553 2657 gradu
1601 2580 1711 2637 est
1759 2592 1914 2637 cum
1961 2594 2196 2638 amore
2243 2594 2402 2637 usus
2455 2594 2581 2658 pro
2627 2594 2820 2638 com·

573 2669 756 2732 muni
792 2669 997 2734 bono.
1088 2669 1454 2733 Praeterea
1492 2672 1559 2733 in
1594 2669 1791 2734 caelo
1829 2678 1939 2734 tot
1977 2669 2200 2734 officia
2231 2679 2302 2734 et
2341 2678 2454 2734 tot
2492 2671 2820 2733 adminis-

572 2765 907 2829 trationes
958 2773 1141 2840 sunt,
1198 2774 1270 2828 et
1332 2785 1603 2848 quoque
1664 2773 1775 2828 tot
1825 2784 2100 2847 operae,
2153 2773 2228 2830 ut
2289 2766 2668 2829 enumerari
2729 2766 2822 2828 ob

570 2861 838 2944 copiam
872 2869 1217 2944 nequeant
1247 2881 1262 2937 ;
1302 2860 1369 2922 in
1403 2860 1661 2923 mundo
1688 2869 1846 2924 sunt
1870 2879 2128 2942 paucae
2160 2859 2557 2942 respective.
2649 2858 2818 2923 Om-

573 2975 713 3029 nes,
760 2963 1201 3038 quotcunque
1261 2963 1443 3030 sunt,
1492 2957 1559 3018 in
1615 2955 1920 3036 jucundo
1981 2956 2084 3018 sui
2143 2957 2370 3038 operis
2432 2965 2504 3019 et
2566 2954 2819 3019 laboris

570 3058 727 3113 sunt
766 3069 857 3112 ex
896 3068 1129 3113 amore
1164 3069 1343 3124 usuS,
1380 3058 1452 3113 et
1490 3067 1697 3120 nemo
1735 3071 1824 3114 ex
1863 3069 2098 3114 amore
2137 3052 2238 3113 sui
2269 3060 2386 3113 aut
2427 3050 2592 3113 lucri
2625 3071 2641 3129 ;
2689 3067 2816 3114 nec

569 3154 675 3208 est
697 3144 894 3208 alicui
920 3165 1113 3207 amor
1132 3143 1299 3207 lucri
1326 3144 1416 3208 ob
1440 3145 1678 3219 vitam,
1705 3146 1860 3228 quia
1885 3165 2126 3208 omnes
2153 3147 2606 3209 necessitates
2630 3147 2818 3210 vitae

568 3237 703 3302 illis
760 3241 977 3322 gratis
1023 3238 1414 3318 donantur3
1483 3240 1806 3305 habitant
1853 3241 2091 3322 gratis,
2141 3243 2529 3305 vestiuntur
2572 3243 2814 3322 gratis,

568 3343 935 3398 vescuntur
979 3334 1217 3416 gratis.
1310 3335 1423 3398 Ex
1471 3337 1712 3418 quibus
1759 3345 1978 3418 patet,
2020 3336 2201 3418 quod
2249 3337 2362 3418 qui
2409 3344 2816 3400 amaverunt

570 3447 641 3493 se
701 3438 773 3493 et
832 3430 1160 3493 mundum
1207 3448 1368 3511 prae
1428 3449 1572 3505 usu,
1616 3451 1754 3495 non
1815 3431 1882 3494 in
1937 3431 2135 3495 caelo
2195 3431 2492 3512 aliquam
2553 3439 2816 3494 sortem

568 3525 913 3590 habeant:
976 3543 1170 3588 amor
1209 3527 1390 3588 enim
1430 3545 1589 3588 suus
1636 3546 1758 3589 seu
1803 3524 2075 3590 affefitio
2121 3545 2242 3589 sua
2289 3536 2525 3590 manet
2571 3545 2814 3589 unum·

568 3621 876 3703 quemvis
922 3628 1081 3701 post
1126 3619 1457 3683 vitam·in
1506 3621 1786 3698 mundo,
1827 3641 1954 3685 nec
2002 3622 2430 3702 exstirpatur
2473 3621 2540 3684 in
2587 3629 2812 3684 aeter·

570 3730 728 3778 num
773 3714 1121 3796 (videatur
1156 3735 1378 3798 supra,
1419 3736 1486 3778 n.
1538 3715 1714 3799 363).

691 3823 897 3892 394.
958 3809 1264 3893 Quisque
1318 3811 1385 3874 in
1442 3810 1639 3874 caelo
1699 3812 1765 3873 in
1826 3831 1950 3874 suo
2006 3831 2213 3894 opere
2274 3819 2382 3875 est
2437 3811 2812 3874 secundum

566 3905 1275 3985 correspondentiam,
1312 3914 1384 3969 et
1422 3905 2040 3986 correspondentia
2071 3925 2208 3970 non
2247 3915 2356 3970 est
2394 3925 2547 3968 cum
2580 3925 2808 3986 opere,

568 3998 689 4062 sed
736 4017 891 4062 cum
938 4019 1063 4062 usu
1121 3999 1414 4081 cujusvis
1462 4001 1688 4081 operis
1739 3997 2083 4080 (videatur
2127 4020 2352 4081 supra,
2403 4019 2468 4062 n.
2513 3999 2687 4081 112),
2737 4009 2810 4064 et

564 4093 1179 4175 correspondentia
1224 4103 1331 4157 est
1390 4095 1694 4158 omnium
1746 4093 1841 4176 (n.
1897 4094 2070 4178 106).
2161 4094 2295 4176 Qui
2361 4095 2430 4158 in
2497 4094 2694 4158 caelo
2741 4094 2810 4159 in

565 4185 912 4251 functione
957 4197 1077 4254 aut
1134 4209 1342 4271 opere
1389 4190 1978 4272 correspondente
2039 4191 2184 4253 usui
2244 4189 2387 4271 ejus
2446 4198 2575 4264 est,
2623 4191 2680 4252 is
2739 4191 2809 4253 in

566 4301 841 4364 prorsus
877 4283 1078 4348 simili
1124 4293 1312 4347 statu
1348 4285 1536 4348 vitae
1580 4293 1688 4348 est
1735 4285 1802 4347 in
1849 4305 1984 4367 quo
2034 4283 2160 4348 fuit
2219 4285 2286 4347 in
2331 4285 2612 4363 mundo,
2649 4303 2808 4348 nam

566 4377 917 4459 spirituale
960 4387 1035 4442 et
1087 4377 1405 4442 naturale
1450 4399 1658 4442 unum
1707 4389 1924 4460 agunt
1969 4399 2092 4460 per
2133 4380 2803 4461 correspondentias,

565 4490 717 4534 cum
756 4471 1139 4537 differentia
1176 4483 1429 4550 tamen,
1471 4475 1654 4557 quod
1701 4477 1768 4539 in
1815 4474 2120 4539 interiori
2152 4474 2454 4557 jucundo
2498 4476 2609 4551 sit,
2651 4478 2806 4558 quia

564 4565 631 4626 in
669 4567 810 4630 vita
868 4567 1227 4648 spirituali,
1270 4589 1445 4651 quae
1488 4570 1637 4633 vita
1682 4570 1968 4633 interior
2013 4577 2143 4645 est,
2183 4576 2256 4633 et
2303 4569 2462 4633 inde
2507 4571 2804 4653 recepti·

565 4659 763 4726 bilior
798 4661 1187 4728 beatudinis
1225 4664 1565 4728 caelestis.
