3371 5304
623 639 744 720 308
1271 647 1376 700 DE
1416 647 1670 699 CAELO
1718 647 1813 698 ΕΤ
1860 645 2229 700 INFERNO.

625 841 806 898 nem,
849 842 928 886 ac
969 821 1210 886 vident
1247 822 1432 886 mala
1470 843 1613 898 sua,
1653 821 1723 885 in
1762 842 1937 904 quae
1975 821 2145 897 nati,
2182 822 2345 886 dum
2380 821 2451 889 in
2488 821 2608 886 illa
2642 821 2869 888 ferun·-

627 928 758 993 tur,
801 939 891 982 ex
937 919 1134 992 veriS,
1175 917 1346 981 haec
1385 919 1567 981 enim
1605 917 2055 982 manifestant
2094 917 2297 982 mala.
2388 916 2869 1002 Unusquisque

625 1014 809 1076 enim
848 1023 1084 1095 potest
1129 1033 1220 1075 ex
1261 1032 1424 1076 vero
1460 1013 1642 1095 quod
1688 1033 1781 1076 ex
1828 1011 2014 1076 bono
2052 1021 2185 1088 est,
2224 1012 2459 1076 videre
2497 1011 2751 1088 trulum
2796 1022 2869 1075 et

623 1106 768 1188 ejus
813 1107 1080 1184 falsum,
1129 1107 1251 1172 sed
1297 1127 1506 1171 nemo
1552 1117 1791 1190 potest
1834 1108 2067 1172 videre
2118 1127 2212 1172 ex
2268 1105 2451 1173 malo
2496 1107 2753 1172 bonum
2794 1117 2869 1170 et

625 1221 862 1266 verum
895 1223 910 1266 :
959 1223 1167 1267 causa
1201 1212 1333 1278 est,
1375 1203 1533 1286 quia
1569 1202 1742 1266 falsa
1786 1202 1949 1266 mali
1988 1212 2149 1268 sunt
2188 1201 2539 1278 tenebrae,
2580 1211 2653 1266 et
2698 1221 2867 1283 quo-

625 1317 757 1380 que
801 1300 1350 1381 correspondent
1397 1297 1532 1362 illis
1557 1320 1574 1377 ;
1635 1319 1844 1381 quare
1890 1297 1990 1364 illi
2034 1298 2147 1381 qui
2195 1298 2265 1360 in
2310 1295 2501 1360 falsis
2544 1317 2637 1362 ex
2684 1295 2869 1360 malo

623 1403 806 1470 sunt,
847 1395 1026 1458 sicut
1063 1395 1252 1458 caeci
1289 1403 1474 1469 sunt,
1511 1394 1626 1476 qui
1652 1385 1803 1468 iila,
1842 1414 2019 1476 quae
2062 1395 2132 1458 in
2170 1393 2321 1456 luce
2360 1401 2543 1468 sunt,
2582 1411 2723 1460 non
2767 1393 2867 1454 vi-

623 1489 815 1562 dent,
855 1499 928 1552 et
973 1509 1243 1572 quoque
1280 1489 1548 1570 fugiunt
1587 1488 1708 1552 illa
1742 1490 1919 1552 sicut
1960 1485 2332 1552 noetuae.(⁸>
2420 1487 2524 1552 At
2569 1507 2733 1551 vera
2776 1506 2869 1550 ex

624 1583 810 1646 bono
855 1593 1018 1648 sunt
1077 1583 1222 1658 lux,
1264 1595 1336 1647 et
1397 1604 1669 1666 quoque
1716 1584 2265 1666 correspondent
2324 1582 2460 1646 luci
2520 1579 2868 1666 (videatur

621 1697 846 1758 supra,
889 1697 953 1741 n.
1001 1677 1360 1759 126-134);
1421 1698 1628 1760 quare
1667 1678 1786 1753 illi,
1826 1679 1937 1761 qui
1985 1675 2051 1741 i‘n
2096 1679 2277 1742 veris
2322 1697 2413 1740 ex
2460 1676 2645 1740 bono
2680 1685 2866 1749 sunt,

621 1774 938 1836 videntes
971 1783 1044 1836 et
1076 1774 1298 1854 aperti
1329 1773 1547 1837 oculis
1581 1783 1766 1848 sunt,
1794 1793 1872 1837 ac
1908 1774 2303 1837 discernunt
2344 1772 2463 1837 illa
2492 1793 2665 1857 quae
2699 1772 2868 1837 lucis

622 1877 695 1931 et
734 1870 1013 1932 umbrae
1051 1878 1230 1931 sunt.
1275 1923 1280 1928 .
1322 1867 1402 1932 In
1447 1868 1554 1931 his
1590 1889 1861 1952 quoque
1908 1868 2149 1932 datum
2186 1877 2296 1932 est
2344 1888 2467 1951 per
2502 1868 2867 1950 experien-

623 1965 793 2027 tiam
841 1963 1246 2028 confirmari.
1336 1962 1600 2046 Angeli
1643 1965 1757 2046 qui
1800 1965 1869 2028 in
1916 1962 2127 2028 caelis
2170 1973 2357 2038 sunt,
2396 1973 2469 2026 et
2515 1963 2752 2026 vident
2796 1971 2868 2029 et

624 2061 1008 2141 percipiunt
1047 2059 1229 2122 mala
1267 2068 1340 2122 et
1375 2059 1568 2132 salsa,
1607 2079 1782 2141 quae
1828 2059 1894 2121 in
1942 2079 2015 2121 se
2054 2058 2419 2140 aliquoties
2455 2067 2864 2140 exsurgunt,

621 2165 694 2217 et
741 2175 1011 2237 quoque
1057 2155 1242 2218 mala
1287 2161 1360 2219 et
1405 2153 1580 2218 salsa
1625 2155 1693 2216 in
1741 2153 1983 2236 quibus
2026 2163 2187 2218 sunt
2235 2154 2509 2235 spiritus
2554 2153 2669 2236 qui
2714 2152 2864 2216 alli-

622 2251 768 2330 gati
806 2259 966 2313 sunt
1003 2249 1280 2313 infernis
1339 2251 1406 2312 in
1467 2248 1727 2312 mundo
1762 2250 2162 2330 spirituum;
2223 2248 2343 2312 sed
2402 2249 2532 2330 ipsi
2590 2249 2866 2331 spiritus

622 2363 760 2407 non
799 2355 1088 2427 possunt
1119 2345 1352 2407 videre
1377 2365 1498 2408 sua
1525 2343 1707 2408 mala
1730 2354 1804 2409 et
1844 2344 2033 2408 falsa.
2126 2343 2311 2424 Quid
2335 2343 2591 2406 bonum
2616 2345 2867 2406 amoris

621 2440 964 2516 caelesti3‚
1013 2440 1174 2522 quid
1219 2441 1669 2515 conscientia,
1719 2439 1879 2523 quid
1926 2441 2265 2503 sincerum
2311 2448 2382 2501 et
2434 2437 2693 2520 justum
2739 2439 2867 2502 nisi

621 2536 806 2618 quod
839 2535 914 2598 fit
953 2546 1236 2616 propter
1273 2556 1372 2609 se,
1407 2535 1568 2618 quid
1606 2535 1699 2598 sit
1737 2534 1891 2597 duci
1930 2555 1973 2598 a
2008 2533 2331 2609 Domin0,
2366 2553 2504 2598 non
2538 2533 2817 2616 capiunt
2848 2554 2865 2612 ;

621 2633 860 2696 dicunt
897 2631 1083 2715 quod
1121 2649 1258 2694 non
1297 2631 1570 2708 dentur,
1611 2631 1711 2695 ita
1747 2630 1928 2713 quod
1968 2629 2161 2697 nihili
2199 2631 2358 2694 sint.
2452 2627 2645 2693 Haec
2684 2626 2869 2695 dieta

621 2740 804 2805 sunt,
845 2729 936 2792 ob
981 2728 1207 2803 finem,
1249 2740 1323 2791 ut
1367 2728 1578 2792 homo
1615 2728 1937 2809 exploret
1983 2748 2079 2803 se,
2126 2737 2200 2793 et
2246 2748 2347 2791 ex·
2378 2726 2695 2809 jucundis
2730 2728 2867 2791 suis

619 2834 1006 2908 cognoscat
1058 2842 1362 2887 amorem
1417 2844 1635 2898 suum,
1683 2834 1757 2887 et
1818 2823 1999 2898 inde,
2046 2832 2375 2905 quantum
2430 2844 2523 2887 ex
2576 2823 2867 2899 scientia

618 2921 1386 3003 correspondentiarum
1441 2920 1650 3001 capit,
1700 2920 1877 2983 sciat
1938 2928 2197 2982 statum
2251 2939 2414 2983 suae
2466 2919 2653 2983 vitae
2706 2928 2865 3001 post

621 3030 938 3081 mortem.

649 3128 652 3131 ’
745 3112 946 3197 488.
1013 3109 1384 3191 Quomodo
1421 3109 1723 3192 jucunda
1766 3112 1953 3175 vitae
1998 3109 2291 3190 cujusvis
2356 3120 2516 3191 post
2565 3119 2863 3173 mortem

619 3216 980 3271 vertuntur
1025 3208 1091 3270 in
1147 3206 1787 3287 cot-respondentia,
1827 3208 2101 3288 quidem
2149 3226 2241 3269 ex
2287 3207 2579 3271 scientia
2637 3225 2864 3270 corre-

617 3303 1183 3385 spondentiarum
1217 3302 1369 3363 sciri
1401 3310 1681 3382 potest;
1728 3302 1851 3364 sed
1890 3302 2045 3383 quia
2074 3300 2195 3364 illa
2232 3302 2523 3365 scientia
2560 3302 2865 3364 nondum

617 3397 904 3480 vulgata
949 3406 1081 3471 est,
1129 3396 1338 3460 velim
1383 3396 1574 3461 illam
1620 3417 1766 3461 rem
1833 3416 1956 3479 per
2006 3396 2344 3480 quaedam
2390 3398 2863 3478 experientiae

617 3491 942 3576 exempla
999 3494 1068 3555 in
1126 3490 1426 3574 aliquem
1488 3493 1712 3558 lucem
1773 3493 2070 3557 mittere.
2160 3488 2423 3555 Omnes
2468 3490 2565 3555 illi
2620 3491 2737 3574 qui
2794 3492 2861 3554 in

618 3588 804 3652 malo
837 3597 1020 3661 sunt,
1049 3595 1120 3651 et
1153 3608 1228 3651 se
1260 3586 1843 3652 confirmaverunt
1873 3588 1941 3650 in
1974 3586 2159 3651 falsis
2184 3597 2429 3651 contra
2452 3606 2615 3649 vera
2636 3584 2859 3649 eccle-

618 3687 780 3759 siae,
830 3684 1160 3765 imprimis
1207 3683 1319 3765 qui
1373 3683 1753 3764 rejecerunt
1803 3682 2130 3757 Verbum,
2180 3680 2277 3744 ilii
2323 3681 2590 3763 fugiunt
2637 3679 2861 3743 lucem

616 3780 813 3854 caeli,
853 3788 927 3843 et
974 3778 1041 3842 in
1089 3787 1390 3862 cryptas„
1431 3799 1606 3861 quae
1650 3780 1719 3842 in
1763 3778 2101 3860 aperturis
2146 3786 2483 3859 apparent
2526 3774 2859 3856 caligino-

1391 4030 1490 4083 [(ικ
1517 4039 1712 4070 AncAms
1732 4026 2081 4080 mamistan

726 4155 798 4223 (s)
851 4152 1032 4227 Quod
1071 4152 1452 4209 “tenebrae”
1492 4152 1552 4207 in
1587 4152 1793 4209 Verbo
1832 4167 1911 4207 ex
1950 4150 2483 4221 correspondentia
2521 4150 2571 4205 si
2660 4148 2863 4205 ifieent

617 4225 780 4286 falsa.
801 4240 871 4280 ac
898 4235 930 4255 ⁶·
947 4227 1169 4281 densae
1193 4224 1477 4280 tenebrae
1495 4223 1525 4245 '⁹
1543 4240 1650 4279 seu
1674 4222 1869 4295 caligo
1894 4220 2049 4279 falsa
2074 4222 2210 4277 mali
2239 4224 2321 4291 (n.
2349 4221 2497 4291 1839,
2530 4237 2549 4275 ι
2594 4220 2680 4283 60.
2703 4218 2861 4288 7688.

618 4296 907 4421 771¹)u0d
938 4368 1041 4422 lux
1065 4366 1216 4421 caeli
1243 4366 1324 4421 sit
1349 4364 1547 4437 caligo
1571 4365 1743 4421 malis
1772 4366 1853 4433 (n.
1887 4364 2038 4425 1861.
2065 4364 2221 4433 6832.
2250 4362 2433 4433 8197).
2488 4316 2499 4323 ἢ

784 4438 904 4492 uod
927 4438 1028 4509 qui
1057 4436 1116 4492 in
1145 4436 1393 4493 infernis
1419 4446 1574 4498 sunt,
1595 4437 1873 4491 dicantur
1897 4452 2029 4491 esse
2055 4434 2113 4490 in
2140 4434 2422 4496 tenebris.
2442 4433 2583 4507 quia
2609 4433 2669 4489 in
2694 4432 2861 4489 falsis

617 4509 777 4565 mali.
803 4509 880 4563 de
906 4508 1236 4594 quibus-(n.
1264 4524 1422 4633 330,
1445 4507 1602 4591 μιᾷ,
1629 4508 1813 4592 4531).
1902 4578 1913 4591 ·
2146 4576 2159 4591 ι
2193 4575 2205 4590 .
2392 4576 2407 4591 0

726 4576 906 4651 Quod
937 4588 1143 4635 “caeci
1161 4579 1192 4600 ''
1213 4596 1273 4633 m
1358 4580 1504 4635 erbo
1529 4578 1871 4651 significent
1900 4578 2035 4632 illos
2060 4592 2162 4648 qui
2190 4592 2248 4631 m
2274 4574 2441 4632 falsis
2465 4586 2623 4639 sunt.
2650 4586 2712 4632 et
2738 4592 2859 4630 non

617 4652 832 4705 volunt
865 4651 1078 4706 instrui
1111 4652 1194 4719 (n.
1223 4650 1378 4720 2383,
1403 4650 1589 4720 6990).
