3371 5304
859 626 1088 679 HOMO
1133 624 1317 681 POST
1364 626 1696 681 MORTEM
1741 628 1880 681 EST
1925 630 2010 681 m
2055 629 2256 683 oum
2300 632 2555 685 SENSU.
2733 636 2852 705 291

606 796 847 878 venit3
902 808 977 865 et
1020 799 1204 883 quod
1251 820 1429 865 nunc
1468 800 1728 867 habeat
1762 802 2085 887 quicquid
2129 802 2220 868 ad
2263 823 2460 870 usum
2504 804 2693 883 vitae
2737 825 2856 872 ae·

608 904 848 960 ternae
892 898 1263 975 conducat,
1303 907 1376 963 et
1422 900 1606 981 quod
1652 900 1748 963 sic
1795 919 1934 964 non
1981 900 2186 965 aliter
2227 903 2449 984 possit
2497 903 2740 967 beatus
2781 913 2856 969 et

605 992 772 1057 felix
810 990 995 1073 fieri3
1048 996 1150 1059 ita
1192 995 1378 1079 quod
1422 996 1856 1077 ignorantiae
1900 996 1992 1063 sit
2035 998 2341 1076 credere,
2373 1001 2560 1083 quod
2605 1002 2674 1064 in
2721 1001 2856 1066 hoc

604 1108 827 1172 regno
856 1111 1010 1155 cum
1034 1092 1421 1157 remotione
1452 1102 1525 1157 et
1557 1094 1984 1176 quiescentia
2005 1096 2458 1161 materialium
2493 1098 2560 1160 in
2591 1117 2854 1162 memo·

604 1188 725 1262 ria,
784 1188 1253 1271 intelligentia
1306 1197 1593 1273 pereat;
1660 1210 1816 1255 cum
1871 1202 2111 1257 tamen
2148 1210 2258 1257 res
2315 1194 2417 1258 ita
2479 1215 2554 1257 se
2615 1193 2852 1271 habet,

604 1286 789 1368 quod
820 1297 1153 1369 quantum
1188 1307 1382 1352 mens
1405 1288 1652 1351 abduci
1682 1296 1920 1370 potest
1957 1309 2000 1353 a
2029 1290 2456 1354 sensualibus
2487 1312 2661 1374 quae
2693 1303 2855 1358 sunt

604 1385 882 1447 externi
926 1384 1223 1449 hominis
1270 1404 1389 1449 seu
1434 1387 1764 1467 corporis,
1803 1394 2080 1451 tantum
2115 1386 2478 1452 elevantur
2519 1389 2608 1452 ad
2653 1390 2854 1472 spiri-

605 1480 818 1544 tualia
852 1490 925 1545 et
962 1482 1312 1546 caelestia.

730 1579 943 1660 466.
1012 1578 1273 1661 Quales
1298 1590 1459 1644 sunt
1492 1579 1884 1657 memoriae,
1913 1582 2324 1665 quandoque
2355 1584 2425 1645 in
2457 1582 2679 1648 altera
2707 1584 2854 1649 vita

606 1676 872 1739 sistitur
910 1676 1282 1740 videndum
1335 1678 1404 1740 in
1450 1677 1682 1741 formis
1729 1678 1819 1741 ibi
1865 1678 2086 1742 solum
2133 1681 2672 1763 apparentibus;
2731 1680 2853 1763 (ad

605 1773 824 1841 visum
856 1774 946 1837 ibi
977 1774 1171 1858 plura
1201 1775 1557 1851 sistuntur,
1584 1796 1760 1858 quae
1791 1775 2040 1857 alioqui
2072 1776 2252 1859 apud
2283 1776 2598 1841 homines
2629 1778 2852 1843 solum

604 1870 863 1935 cadunt
910 1872 976 1935 in
1015 1872 1205 1935 ideas
1233 1870 1285 1957 z)
1334 1874 1663 1936 memoria
1702 1874 2012 1937 exterior
2056 1873 2148 1938 ibi
2193 1874 2460 1938 sistitur
2503 1876 2592 1938 ad
2637 1896 2851 1960 appa·

602 1968 897 2032 rentiam
930 1970 1147 2033 instar
1178 1969 1357 2045 calli,
1385 1970 1667 2034 interior
1700 1970 1919 2034 instar
1949 1972 2376 2035 substantiae
2403 1972 2849 2049 medullosae,

602 2064 824 2149 qualis
854 2066 921 2129 in
955 2068 1237 2131 cerebro
1264 2066 1568 2131 humano
1597 2087 1614 2146 ;
1661 2067 1820 2131 inde
1851 2087 2121 2151 quoque
2154 2070 2328 2133 scire
2359 2069 2582 2145 datur,
2616 2071 2853 2153 quales

604 2173 784 2227 sunt.
868 2161 1004 2245 Qui
1035 2166 1103 2227 in
1124 2166 1271 2229 vita
1302 2165 1609 2246 corporis
1634 2164 1766 2228 soli
1789 2166 2165 2229 memoriae
2187 2166 2619 2243 studuerunt,
2648 2176 2722 2231 et
2754 2168 2850 2231 sic

603 2259 943 2326 rationale
982 2282 1175 2326 suum
1213 2282 1351 2325 non
1390 2261 1869 2340 excoluerunt,
1904 2262 2258 2327 callositas
2294 2281 2528 2327 eorum
2562 2274 2851 2347 apparet

603 2358 794 2435 dura,
832 2378 912 2423 ac
959 2358 1143 2423 intus
1188 2361 1364 2424 sicut
1411 2380 1503 2423 ex
1548 2359 1946 2425 tendinibus
1984 2358 2248 2424 striata.
2337 2358 2474 2442 Qui
2519 2360 2848 2443 impleve-

600 2466 761 2519 runt
798 2458 1197 2521 memoriam
1235 2452 1672 2533 falsitatibus,
1708 2467 1997 2540 apparet
2033 2456 2412 2540 capillacea
2449 2465 2521 2521 et
2557 2458 2846 2535 hirsuta,

603 2562 676 2617 et
713 2552 844 2618 hoc
882 2574 975 2619 ex
1008 2554 1333 2637 congerie
1362 2554 1753 2618 inordinata
1785 2573 2030 2619 rerum.
2122 2552 2256 2635 Qui
2294 2556 2664 2619 memoriae
2700 2566 2849 2620 stu-

606 2650 900 2717 duerunt
939 2652 1193 2718 amoris
1238 2652 1340 2716 sui
1388 2663 1459 2718 et
1507 2654 1742 2716 mundi
1781 2673 2007 2730 causa,
2046 2661 2333 2736 apparet
2369 2652 2850 2736 conglutinata

605 2768 684 2813 ac
730 2747 1099 2815 ossificata.
1190 2749 1325 2832 Qui
1386 2769 1506 2834 per
1552 2747 1954 2826 scientifica,
1999 2749 2334 2832 imprimis
2378 2769 2498 2832 per
2542 2750 2848 2835 philoso-

604 2845 829 2928 phica,
878 2847 945 2910 in
1004 2867 1255 2912 arcana
1313 2845 1565 2912 Divina
1621 2855 1986 2931 penetrare
2044 2845 2430 2924 voluerunt,
2478 2867 2605 2911 nec
2666 2849 2850 2930 prius

605 2945 887 3008 credere
946 2964 1151 3028 quam
1209 2963 1366 3008 cum
1424 2964 1548 3027 per
1606 2944 1728 3009 illa
1791 2942 2390 3028 persuaderentur,
2453 2945 2632 3026 apud
2691 2943 2850 3009 illos

602 3053 890 3124 apparet
938 3043 1270 3106 memoria
1313 3043 1776 3118 tenebricosa,
1823 3061 1998 3125 quae
2058 3040 2219 3106 talis
2264 3050 2550 3106 naturae
2595 3051 2723 3118 est,
2774 3051 2850 3106 ut

602 3139 831 3204 radios
868 3138 1037 3203 lucis
1074 3139 1469 3216 absorbeat,
1510 3147 1582 3204 et
1619 3139 1688 3202 in
1727 3138 2052 3202 tenebras
2090 3144 2338 3201 vertat.
2428 3135 2563 3218 Qui
2598 3137 2846 3214 dolosi,

602 3243 677 3300 et
722 3235 1129 3317 hypocritae
1172 3235 1465 3312 suerunt,
1513 3235 1694 3317 apud
1741 3233 1899 3298 illos
1937 3244 2226 3317 apparet
2270 3231 2392 3297 illa
2435 3234 2601 3297 dure
2647 3253 2850 3298 ossea

600 3333 779 3397 sicut
819 3330 1193 3408 ‘flemme-a,
1232 3351 1407 3417 quae
1443 3327 1734 3397 reflectit
1771 3329 1999 3395 radios
2039 3328 2227 3394 lucis
2319 3327 2454 3412 Qui
2500 3338 2733 3395 autem
2781 3331 2846 3394 in

604 3425 790 3491 bono
831 3428 1085 3492 amoris
1131 3437 1205 3492 et
1263 3427 1443 3493 veris
1488 3424 1645 3490 fidei
1689 3425 1984 3502 fuerunt,
2029 3425 2212 3506 apud
2258 3445 2378 3489 eos
2425 3425 2585 3488 talis
2630 3424 2848 3489 callus

604 3540 745 3586 non
802 3532 1113 3606 apparet,
1159 3521 1321 3606 quia
1377 3521 1710 3586 memoria
1766 3539 2002 3585 eorum
2059 3517 2345 3583 interior
2401 3516 2572 3583 lucis
2617 3519 2848 3584 radios

602 3621 1020 3685 transmittit
1054 3621 1126 3684 in
1162 3620 1607 3693 exteriorem,
1642 3619 1710 3680 in
1749 3615 1937 3699 cujus
1968 3613 2254 3699 objectis
2291 3635 2412 3680 seu
2443 3615 2636 3690 ideis,
2671 3616 2846 3680 sicut

602 3717 675 3780 in
718 3737 841 3782 sua
884 3718 1031 3782 basi
1076 3727 1196 3782 aut
1242 3718 1418 3782 sicut
1464 3716 1535 3780 in
1579 3735 1702 3778 sua
1747 3714 1982 3792 humo,
2019 3713 2190 3778 radii
2237 3712 2716 3789 terminantur,
2765 3733 2845 3777 ac

602 3813 697 3878 ibi
730 3813 1061 3879 deliciosa
1082 3813 1523 3896 receptacula
1551 3813 1912 3877 inveniunt
1937 3831 1954 3890 ;
2001 3830 2161 3875 nam
2188 3810 2518 3874 memoria
2542 3809 2849 3873 exterior

604 3922 712 3976 est
746 3913 1063 3978 ultimum
1094 3913 1373 3986 ordinis,
1406 3912 1474 3974 in
1508 3931 1643 3992 quo
1673 3907 2053 3992 spiritualia
2081 3917 2155 3972 et
2187 3906 2516 3972 caelestia
2547 3906 2849 3971 molliter

602 4011 1061 4075 terminantur
1093 4018 1169 4073 et
1204 4009 1535 4084 resident,
1574 4007 1855 4090 quando
1891 4006 1984 4071 ibi
2018 4005 2204 4070 bona
2239 4014 2312 4070 et
2348 4024 2532 4068 vera.

728 4109 933 4193 467.
998 4106 1337 4172 Homines
1375 4124 1531 4169 cum
1562 4107 1804 4170 vivunt
1838 4105 1906 4167 in
1943 4103 2225 4179 mund0,
2258 4101 2372 4185 qui
2407 4102 2478 4166 in
2508 4121 2740 4166 amore
2780 4102 2845 4166 in

604 4205 979 4270 Dominum
1017 4215 1089 4268 et
1124 4206 1193 4268 in
1232 4203 1573 4268 charitate
1604 4222 1772 4284 erga
1804 4202 2196 4284 proximum
2227 4208 2410 4275 sunt,
2443 4200 2624 4283 apud
2662 4219 2736 4264 se
2775 4210 2848 4264 et

604 4303 675 4368 in
718 4322 793 4366 se
826 4301 1087 4367 habent
1124 4301 1663 4382 intelligentiam
1691 4308 1775 4365 et
1819 4299 2234 4382 sapientiam
2267 4294 2682 4378 angelicam,
2722 4297 2845 4365 sed

603 4400 1035 4466 reconditam
1098 4400 1169 4464 in
1226 4398 1487 4463 intimis
1544 4416 1780 4460 eorum
1839 4395 2212 4461 memoriae
2263 4393 2626 4468 interioris,
2674 4413 2848 4477 quae

604 4497 1071 4580 intelligentia
1128 4505 1201 4562 et
1259 4493 1599 4580 sapientia
1650 4496 1752 4558 eis
1811 4511 2146 4577 nusquam
2191 4509 2524 4574 apparere
2582 4498 2846 4572 potest,

606 4597 995 4680 priusquam
1032 4615 1365 4679 corporea
1398 4602 1663 4660 exuunt
1698 4613 1716 4672 ;
1770 4601 1934 4656 tunc
1983 4589 2314 4656 memoria
2349 4587 2684 4655 naturalis
2735 4607 2848 4652 so·
