3371 5304
552 608 679 673 266
1206 622 1309 672 DE
1350 621 1603 673 cAELO
1648 623 1746 673 m·
1791 622 2158 674 mFERNo.

550 795 649 857 cis
677 814 695 873 ;
742 792 867 857 sed
898 794 1057 876 quia
1088 792 1376 857 diversis
1406 794 1653 858 animis
1680 802 1880 859 erant
1911 814 2004 858 ex
2039 794 2186 860 vita
2221 795 2292 857 in
2329 794 2608 870 mundo,
2635 806 2794 877 post

549 890 761 955 breve
798 899 1071 971 tempus
1114 888 1431 971 disjuncti
1476 899 1659 953 sunt.
1747 889 1854 953 At
1897 890 2010 972 qui
2056 911 2096 955 e
2141 891 2401 954 mundo
2438 892 2795 973 spirituum

550 984 619 1047 in
664 984 935 1049 caelum
972 986 1281 1060 veniunt,
1322 992 1393 1048 et
1436 986 1547 1067 qui
1592 986 1661 1048 in
1704 985 2066 1059 infernum,
2105 985 2203 1048 illi
2247 1006 2322 1049 se
2368 995 2612 1068 postea
2658 1005 2794 1048 non

552 1080 847 1161 amplius
890 1080 1153 1155 vident,
1195 1099 1320 1144 nec
1366 1099 1443 1143 se
1488 1089 1948 1162 cognoscunt,
1989 1081 2118 1145 nisi
2163 1080 2366 1144 simili
2413 1082 2646 1144 animo
2704 1100 2796 1143 ex

552 1174 755 1239 simili
798 1194 1033 1239 amore
1090 1176 1250 1238 sint.
1339 1173 1565 1239 Causa
1620 1176 1806 1257 quod
1865 1177 1932 1238 in
1993 1176 2250 1239 mundo
2293 1176 2675 1259 spirituum,
2722 1184 2796 1238 et

552 1290 721 1333 non·
751 1270 819 1332 in
866 1269 1063 1333 caelo
1106 1278 1181 1333 et
1237 1268 1524 1344 inferno,
1564 1288 1639 1333 se
1682 1270 1989 1344 videant,
2029 1279 2138 1333 est
2185 1270 2342 1352 quia
2385 1270 2509 1345 illi,
2547 1271 2664 1351 qui
2724 1272 2796 1333 in

554 1364 813 1429 mundo
851 1366 1211 1447 spirituum
1256 1374 1441 1441 sunt,
1478 1364 1789 1429 feruntur
1832 1366 1902 1428 in
1947 1365 2203 1429 similes
2239 1375 2466 1429 status
2512 1384 2684 1448 quos
2727 1366 2796 1429 in

553 1460 703 1523 vita
747 1461 1051 1542 corporis
1096 1458 1505 1535 habuerunt,
1542 1458 1632 1523 ab
1680 1478 1819 1523 uno
1875 1460 1944 1522 in
2003 1459 2343 1539 alterum3
2411 1470 2488 1524 at
2547 1470 2800 1542 postea

554 1574 799 1618 omnes
841 1555 1245 1636 rediguntur
1302 1555 1371 1617 in
1430 1564 1693 1618 statum
1741 1564 2186 1619 constantem
2232 1554 2528 1618 similem
2581 1555 2816 1618 statui·

555 1650 807 1713 amoris
838 1650 939 1712 sui
970 1650 1354 1730 regnantis»,
1388 1649 1457 1712 in
1496 1669 1630 1731 quo
1662 1650 2029 1730 cognoscit
2055 1669 2226 1713 unus
2259 1650 2554 1714 alterum
2586 1648 2799 1713 modo

554 1764 647 1808 ex
672 1744 1121 1808 similitudine
1150 1744 1402 1807 amoris
1430 1764 1447 1821 ς
1496 1763 1655 1807 nam
1692 1742 1798 1825 (ut
1837 1764 2064 1827 supra,
2092 1764 2157 1808 n.
2179 1758 2412 1825 41-50,
2441 1753 2796 1809 ostensum

555 1837 721 1917 est,)
761 1836 1135 1901 similitudo
1172 1837 1527 1919 conjungit
1563 1846 1637 1901 et
1674 1838 2160 1903 dissimilitudo
2197 1838 2544 1921 disjungit.

679 1933 879 2017 428.
938 1933 1236 1999 Mundus
1274 1935 1655 2016 spirituum,
1689 1935 1868 1997 sicut
1905 1943 2018 1998 est
2055 1944 2286 1998 status
2316 1935 2582 1999 medius
2619 1934 2798 1999 inter

555 2026 823 2091 caelum
870 2038 941 2091 et
988 2028 1165 2093 inter
1206 2028 1542 2093 infernum
1588 2028 1770 2111 apud
1815 2028 2190 2104 hominem,
2229 2028 2326 2092 ita
2368 2048 2641 2112 quoque
2687 2040 2796 2093 est

556 2121 749 2186 locus
808 2124 1118 2202 medius3
1186 2123 1359 2187 infra
1415 2132 1579 2187 sunt
1634 2123 1922 2199 inferna,
1982 2133 2057 2188 et
2121 2144 2327 2206 supra
2382 2134 2544 2189 sunt
2603 2124 2797 2188 caeli.

556 2215 810 2281 Omnia
853 2219 1117 2282 inferna
1152 2218 1389 2283 clausa
1432 2227 1591 2283 sunt
1629 2238 1864 2282 versus
1901 2218 2096 2282 illum
2131 2220 2504 2298 mundum;
2547 2229 2798 2301 patent

556 2314 769 2377 modo
805 2334 927 2396 per
961 2313 1295 2377 foramina
1330 2322 1403 2377 et
1438 2312 1714 2377 fissuras
1751 2315 1930 2377 sicut
1959 2314 2245 2396 rupium,
2279 2334 2534 2396 perque
2569 2314 2798 2377 hiatus

556 2407 626 2473 in
663 2408 925 2484 datum,
966 2430 1141 2491 quae
1194 2409 1547 2472 custodita
1592 2419 1776 2485 sunt,
1824 2429 1912 2473 ne
1963 2409 2208 2492 aliquis
2251 2420 2466 2473 exeat
2521 2409 2651 2472 nisi
2707 2428 2799 2473 ex

556 2504 1028 2586 permissione,
1068 2503 1252 2587 quod
1290 2504 1497 2567 etiam
1544 2503 1645 2580 fit,
1685 2504 2050 2586 flagitante
2085 2503 2316 2586 aliqua
2351 2504 2798 2577 necessitate,

556 2600 645 2664 de
682 2618 817 2682 qua
851 2599 921 2662 in
959 2597 1441 2683 sequentibus:
1504 2599 1772 2664 caelum
1804 2601 2014 2664 etiam
2035 2600 2479 2682 undiquaque
2512 2600 2798 2663 circum-

556 2705 831 2779 septum
878 2705 1008 2772 est,
1056 2715 1183 2760 nec
1228 2705 1427 2776 patet
1472 2696 1561 2760 ad
1622 2696 1922 2779 aliquam
1967 2697 2378 2760 societatem
2423 2695 2800 2760 caelestem

556 2793 788 2855 aditus
824 2792 953 2855 nisi
996 2809 1119 2874 per
1154 2800 1525 2872 angustam
1564 2792 1769 2867 viam,
1811 2791 2000 2872 cujus
2034 2791 2360 2856 introitus
2397 2792 2610 2855 etiam
2645 2811 2799 2854 cus·

557 2887 820 2952 toditus
856 2897 987 2951 est.
1076 2885 1187 2950 Illi
1222 2887 1458 2950 exitus
1488 2907 1569 2950 ac
1615 2886 1683 2950 hi
1728 2887 2054 2952 introitus
2089 2896 2250 2951 sunt
2287 2888 2402 2969 qui
2447 2887 2515 2951 in
2562 2885 2800 2950 Verbo

558 2993 895 3048 vocantur
935 2987 976 3014 ‘⁴
998 2991 1241 3063 portae
1256 2981 1287 3008 ”
1318 3001 1397 3046 ac
1438 2981 1727 3046 “ostia”
1763 2982 2006 3046 inferni
2043 2991 2115 3046 et
2151 2983 2350 3046 caeli.

683 3091 887 3160 μς.
957 3075 1256 3140 Mundus
1320 3077 1685 3157 spirituum
1752 3086 2042 3160 apparet
2107 3077 2286 3140 sicut
2359 3076 2558 3141 vallis
2621 3079 2804 3142 inter

560 3181 837 3236 montes
873 3180 945 3234 et
982 3181 1237 3253 petras,
1276 3171 1386 3236 hic
1434 3181 1505 3236 et
1550 3173 1641 3236 ibi
1678 3173 2024 3236 insinuata
2057 3181 2130 3236 et
2169 3172 2461 3236 elevata.
2551 3174 2800 3238 Portae

558 3277 633 3332 et
670 3267 855 3331 ostia
897 3267 985 3330 ad
1031 3267 1407 3331 societates
1444 3267 1787 3332 caelestes
1823 3287 1962 3330 non
2007 3278 2366 3349 apparent,
2407 3267 2632 3332 solum
2667 3268 2802 3331 illis

559 3365 673 3446 qui
720 3363 1105 3446 praeparati
1152 3363 1239 3426 ad
1286 3362 1555 3427 caelum
1592 3373 1777 3439 sunt,
1819 3383 1946 3428 nec
1985 3363 2426 3426 inveniuntur
2469 3364 2558 3426 ab
2601 3363 2798 3440 aliis;

558 3459 647 3523 ad
686 3457 1065 3542 quamlibet
1096 3459 1507 3522 societatem
1540 3479 1577 3522 e
1612 3459 1868 3521 mundo
1891 3459 2252 3540 spirituum
2285 3478 2456 3520 unus
2479 3458 2803 3522 introitus

560 3563 692 3630 est,
738 3563 901 3636 post
944 3573 1149 3636 quem
1196 3574 1331 3617 una
1374 3553 1505 3629 via,
1546 3554 1671 3618 sed
1717 3573 1892 3635 quae
1937 3555 2004 3616 in
2051 3573 2341 3616 ascensu
2385 3553 2804 3618 divaricatur

560 3651 627 3713 in
674 3649 921 3732 plures..
1011 3649 1257 3712 Portae
1302 3657 1375 3712 et
1435 3651 1614 3713 ostia
1658 3649 1747 3730 ad
1814 3649 2074 3712 inferna
2119 3667 2245 3712 nec
2291 3658 2628 3731 apparent
2671 3649 2801 3713 nisi

561 3763 766 3828 quam
825 3745 961 3808 illis
1015 3745 1131 3826 qui
1204 3743 1521 3808 intraturi
1580 3752 1764 3818 sunt,
1827 3743 2068 3825 quibus
2127 3751 2294 3807 tunc
2353 3744 2797 3825 aperiuntur;

560 3841 803 3923 quibus
834 3840 1091 3921 apertis
1115 3847 1453 3920 apparent
1474 3847 1677 3902 antra
1708 3838 1897 3902 furva
1928 3849 2000 3902 et
2032 3839 2208 3902 sicut
2232 3838 2620 3919 fuliginosa,
2647 3849 2802 3902 ten-

563 3935 801 3998 dentia
838 3934 1113 4016 oblique
1158 3934 1476 3997 deorsum
1534 3933 1601 3996 in
1660 3932 2092 4015 profundum,
2133 3932 2243 3997 ubi
2303 3933 2551 3996 iterum
2609 3931 2804 4013 plura

563 4031 745 4094 ostia
774 4039 975 4093 sunt:
1025 4049 1145 4112 per
1175 4038 1375 4093 antra
1406 4028 1525 4092 illa
1555 4027 1978 4092 exhalantur
2009 4027 2284 4092 nidores
2322 4029 2486 4091 tetri
2517 4038 2589 4092 et
2624 4027 2804 4092 seto-

564 4145 693 4201 reS,
740 4145 913 4208 quos
958 4124 1121 4189 boni
1166 4125 1445 4207 spiritus
1490 4123 1783 4206 fugiunt,
1831 4125 1987 4206 quia
2037 4123 2450 4186 aversationi
2495 4134 2680 4197 sunt,
2727 4134 2802 4188 at

565 4221 729 4285 mali
761 4221 1039 4303 spiritus
1076 4228 1414 4301 appetunt
1460 4219 1619 4300 quia
1654 4215 2105 4282 delectationi
2141 4227 2344 4296 sunt;
2407 4219 2582 4282 sicut
2621 4219 2803 4282 enim

563 4319 847 4400 quisque
894 4317 961 4380 in
1008 4315 1265 4379 mundo
1302 4311 1690 4378 delectatus
1727 4323 1834 4376 est
1871 4333 1996 4378 suo
2029 4313 2236 4388 malo,
2277 4313 2377 4378 ita
2423 4325 2582 4396 post
2619 4334 2803 4377 mor-

566 4423 709 4476 tem
742 4409 1129 4476 delectatur
1157 4410 1377 4474 fetore
1409 4409 1515 4472 cui
1554 4408 1808 4473 malum
1846 4407 1989 4490 ejus
2020 4409 2517 4490 correspondet
2548 4431 2565 4487 ;
2613 4429 2802 4472 com-

567 4507 787 4589 parari
822 4507 891 4569 in
926 4505 1059 4569 hoc
1101 4514 1389 4587 possunt
1425 4504 1663 4567 avibus
1703 4512 1776 4568 et
1821 4502 1977 4567 feris
2014 4503 2396 4586 rapacibus,
2437 4512 2512 4568 ut
2557 4505 2802 4574 corvis.

568 4600 764 4684 lupis,
814 4601 1060 4684 porciS,
1108 4601 1221 4684 qui
1274 4619 1365 4664 ex
1432 4607 1766 4682 percepto
1811 4598 2050 4663 nidore
2097 4599 2185 4662 ad
2253 4599 2677 4663 cadaverosa
2730 4607 2804 4663 et
