3371 5304
1122 662 1224 713 DE
1269 659 1628 726 Lon-:LA
1675 659 2182 712 ANGELORUM.
2723 663 2841 730 133

593 831 818 911 fidem,
858 833 1041 899 idem
1079 844 1209 910 est,
1249 833 1570 918 quoniam
1607 853 1811 898 omne
1849 832 2007 898 fidei
2042 841 2149 897 est
2188 851 2423 898 verum
2452 854 2469 912 ;
2515 841 2663 897 tum
2696 831 2841 900 sive

593 931 782 994 dicas
817 931 1074 994 bonum
1120 937 1238 992 aut
1284 948 1610 1004 amorem,
1649 929 1833 992 idem
1872 939 2001 1005 est,
2042 929 2363 1012 quoniam
2401 947 2605 994 omne
2644 948 2839 994 amo-

589 1027 680 1090 ris
724 1035 833 1090 est
877 1022 1260 1089 bonumffl‘)
1350 1022 1632 1106 Quanta
1685 1026 2002 1107 potentia
2048 1024 2315 1106 angelis
2360 1034 2467 1088 est
2514 1044 2633 1106 per
2676 1045 2843 1090 vera

594 1143 684 1187 ex
731 1121 939 1198 bone,
981 1122 1205 1202 patuit
1252 1121 1464 1184 etiam
1509 1140 1601 1184 ex
1647 1140 1753 1195 eo,
1794 1121 1977 1202 quod
2028 1119 2248 1182 malus
2292 1120 2569 1202 spiritus
2617 1119 2839 1186 solum

589 1214 940 1299 inspefitus
984 1216 1074 1279 ab
1109 1214 1378 1298 angelis
1413 1215 1621 1279 cadat
1664 1214 1733 1278 in
1782 1213 2171 1296 deliquium,
2214 1223 2285 1279 et
2334 1235 2471 1278 non
2509 1225 2838 1298 appareat

589 1323 663 1378 ut
701 1314 932 1388 home,
973 1321 1044 1376 et
1082 1311 1212 1375 hoc
1251 1331 1462 1394 usque
1500 1311 1660 1374 dum
1694 1309 1979 1391 angelus
2016 1312 2267 1374 avertit
2306 1310 2581 1374 oculos:
2633 1330 2841 1374 causa

588 1409 773 1492 quod
811 1407 954 1473 tale
1001 1427 1122 1488 per
1165 1403 1518 1488 aspestum
1557 1404 1907 1469 oculorum
1955 1406 2360 1487 angelorum
2407 1406 2693 1481 existat,
2726 1417 2837 1470 est

587 1504 744 1587 quia
780 1504 966 1567 visus
1012 1500 1418 1583 angelorum
1463 1510 1570 1564 est
1626 1520 1719 1563 ex
1770 1499 1920 1563 luce
1971 1499 2165 1575 caeli,
2206 1509 2279 1564 et
2335 1500 2453 1563 lux
2504 1500 2680 1564 caeli
2726 1511 2837 1566 est

589 1597 913 1662 Divinum
947 1596 1208 1661 Verum
1251 1591 1596 1678 (videatur
1628 1615 1852 1676 supra,
1888 1614 1952 1658 n.
1997 1593 2357 1678 126-132):
2406 1595 2588 1662 oculi
2625 1596 2837 1660 etiam

586 1692 1126 1774 correspondent
1163 1691 1340 1755 veris
1378 1711 1468 1754 ex
1507 1687 1789 1754 bonoss‘)

711 1802 906 1870 233.
979 1786 1320 1869 Quoniam
1354 1788 1577 1850 omnis
1609 1787 1926 1867 potentia
1957 1795 2065 1850 est
2088 1787 2271 1850 veris
2303 1807 2394 1850 ex
2431 1786 2641 1863 b0n0,
2674 1787 2835 1852 inde

588 1882 776 1946 nulla
821 1903 1094 1966 prorsus
1140 1883 1456 1965 potentia
1508 1891 1616 1945 est
1670 1881 1860 1944 salsis
1915 1903 2007 1945 ex
2063 1879 2367 1945 malam)
2458 1879 2721 1946 Omnes
2765 1884 2835 1946 in

585 1979 854 2043 inferno
890 1987 1050 2042 sunt
1095 1979 1163 2042 in
1210 1977 1396 2042 falsis
1440 1997 1530 2040 ex
1581 1977 1804 2056 malo;
1867 1998 2073 2060 quare
2124 1977 2257 2041 illis
2296 1977 2482 2041 nulla
2519 1979 2837 2060 potentia

587 2083 696 2139 est
741 2083 986 2138 contra
1021 2093 1255 2137 verum
1303 2082 1373 2136 et
1418 2073 1713 2137 bonum:
1780 2073 1902 2136 sed
1950 2072 2169 2156 qualis
2206 2073 2477 2137 illorum
2516 2075 2837 2157 potentia

585 2180 692 2235 est
724 2170 903 2254 inter
934 2189 1030 2244 se,
1053 2179 1126 2232 et
1157 2167 1376 2251 qualis
1401 2169 1718 2251 potentia
1750 2167 2085 2232 malorum
2111 2170 2467 2250 spirituum
2492 2179 2600 2234 est
2632 2178 2831 2236 ante-

587 2283 789 2349 quam
822 2261 1116 2346 conjefiti
1153 2273 1310 2328 sunt
1342 2263 1412 2328 in
1448 2263 1808 2340 infernum,
1843 2266 1909 2326 in
1947 2264 2393 2347 sequentibus
2430 2265 2713 2329 dicetur.

1527 2738 1897 2823 [XXVII]

1149 2923 1265 2989 DE
1315 2924 1689 3002 LoQUELA
1736 2922 2261 2990 ANGELORUM.

709 3124 906 3193 234.
965 3108 1226 3192 Angeli
1257 3109 1439 3173 inter
1473 3129 1546 3173 se
1584 3108 1957 3191 loquuntur
1988 3129 2264 3192 prorsus
2302 3110 2477 3174 sicut
2515 3110 2829 3175 homines

585 3205 650 3267 in
689 3205 968 3280 mundo,
1002 3214 1074 3269 et
1106 3225 1375 3288 quoque
1407 3206 1493 3269 de
1525 3206 1728 3269 rebus
1751 3206 1953 3269 variis
1979 3226 1995 3283 ;
2042 3215 2117 3268 ut
2152 3207 2239 3270 de
2262 3206 2464 3270 rebus
2496 3207 2827 3271 domesti-

581 3300 702 3376 cis,
736 3300 823 3364 de
869 3300 1071 3365 rebus
1115 3310 1342 3365 status
1388 3299 1626 3375 civilis,
1666 3299 1755 3363 de
1800 3301 2003 3364 rebus
2048 3302 2233 3365 vitae
2280 3301 2580 3377 moralis,
2621 3311 2693 3367 et
2739 3304 2829 3369 de

581 3395 780 3461 rebus
801 3396 986 3460 vitae
1017 3396 1426 3479 spiritualis:
1476 3416 1602 3460 nec
1628 3396 1997 3460 intercedit
2030 3396 2166 3460 alia
2196 3396 2597 3479 differentia,
2624 3418 2827 3481 quam

1377 3592 1454 3646 (nx
1480 3602 1676 3636 Auum
1701 3594 2033 3650 mmm)

687 3698 816 3768 (kk)
867 3696 1046 3771 Quod
1073 3698 1272 3753 omnis
1297 3696 1568 3768 potentia
1596 3698 1655 3752 in
1683 3699 1865 3754 caelis
1890 3699 1971 3753 sit
1998 3698 2123 3755 veri
2154 3716 2229 3755 ex
2259 3702 2439 3761 bono.
2468 3701 2553 3756 ita
2579 3698 2721 3757 fidei
2752 3716 2827 3756 ex

578 3786 782 3827 amore
809 3771 892 3839 (a.
919 3784 1072 3852 3091,-
1102 3768 1259 3841 3563.
1285 3768 1478 3839 6413st
1497 3770 1691 3894 6423}5
1708 3770 1867 3837 8304,
1888 3770 2049 3839 9643,
2080 3785 2267 3841 10019.
2300 3770 2513 3840 10182).

687 3838 866 3913 Quod
906 3855 1104 3895 omnis
1135 3840 1409 3911 potentia
1445 3840 1524 3895 sit
1559 3856 1597 3894 a
1694 3842 1919 3903 omino,
1948 3842 2090 3913 quia
2123 3842 2199 3896 ab
2232 3842 2373 3914 Ipso
2403 3857 2583 3897 omne
2612 3857 2823 3897 verum

579 3912 746 3970 cuod
771 3911 914 3967 fidei
941 3920 1003 3967 et
1029 3912 1258 3966 bonum
1285 3911 1446 3982 quod
1473 3912 1698 3967 amoris
1728 3914 1805 3981 (n.
1840 3926 1997 3981 9327,
2026 3912 2208 3981 9410).

743 3982 866 4038 uod
893 3982 1042 4037 haec
1057 3983 1332 4053 potentia
1355 3981 1727 4053 intelligatur
1746 4000 1851 4053 per
1869 3984 2069 4039 claves
2090 3983 2273 4039 Petro
2296 3982 2525 4039 ¹¹1datas
2538 3984 2620 4053 (n.
2636 3983 2823 4052 6344).

743 4053 1180 4193 υο6<ἐ41ἒίιὲἰιιιιῖῃ
1201 4052 1426 4108 Verum
1448 4054 1782 4125 procedens
1806 4070 1843 4109 a
1870 4054 2135 4109 Domino
2159 4056 2242 4110 sit
2264 4055 2361 4111 cui
2388 4054 2586 4109 omnis
2608 4064 2824 4127 poten-

577 4135 664 4179 tia
715 4141 772 4179 n.
941 4165 955 4187 ‚
1021 4140 1127 4178 200
1154 4164 1167 4179 .

743 4195 862 4250 uod
903 4195 1052 4251 haec
1082 4194 1357 4266 potentia
1387 4194 1633 4249 Domini
1671 4195 1752 4250 sit
1789 4211 1944 4266 quae
1974 4194 2333 4266 intelligitur
2362 4212 2469 4267 per
2496 4196 2705 4251 sedere
2742 4196 2818 4251 ad

577 4266 846 4325 dextram
872 4264 1138 4339 jehovae
1165 4268 1247 4335 (n.
1276 4266 1432 4335 3387,
1457 4278 1616 4350 4592,
1641 4280 1801 4335 4933,
1830 4279 1861 4333 7
1868 4266 1985 4336 518,
2014 4267 2170 4335 7673,
2197 4265 2353 4331 8281,
2381 4268 2567 4337 9133).

684 4334 866 4409 Quod
894 4344 926 4366 ⁴⁴
945 4337 1203 4392 dextra”
1229 4336 1310 4392 sit
1334 4347 1612 4409 potentia
1639 4340 1721 4407 (n.
1754 4338 1969 4406 10019).

683 4424 796 4492 (εἳ)
832 4422 1014 4496 Quod
1069 4423 1227 4479 oculi
1264 4424 1777 4496 oon-respondeant
1814 4424 1971 4479 veris
2018 4440 2094 4479 ex
2142 4424 2305 4479 bono
2351 4426 2432 4495 (n.
2480 4436 2818 4493 4403-4421,

574 4506 911 4564 4523-4534·
940 4494 1126 4563 ⁶923)·
1578 4566 1590 4580 ,
2084 4565 2096 4578 ‚
2274 4566 2285 4581 ‚

681 4564 820 4634 (kk)
843 4563 1023 4649 Quod
1053 4565 1208 4621 falso
1241 4582 1315 4621 ex
1354 4567 1514 4621 malo
1543 4577 1622 4622 sit
1661 4566 1828 4621 nulla
1864 4576 2153 4637 potentia,
2186 4582 2327 4637 quia
2362 4581 2507 4622 vero
2543 4582 2616 4635 ex
2654 4567 2818 4620 bono

574 4646 666 4691 est
691 4651 890 4693 omnis
917 4638 1000 4705 (n.
1025 4636 1182 4703 6784,
1218 4635 1431 4705 10481).
