3371 5304
689 764 1434 819 REPRAESENTATIVA
1472 765 1572 818 ET
1607 763 2153 818 APPARENTIAR
2188 765 2273 816 m
2308 763 2587 818 CAELO.
2656 765 2769 817 101

529 947 734 1004 mur
761 957 970 1023 supra
997 957 1334 1022 corporea
1361 945 1436 1004 et
1467 937 1835 1002 mundana.
1921 935 2222 1020 Angeiis
2244 935 2587 1020 sapientia
2610 935 2774 1002 inde

529 1043 658 1109 ost.
696 1043 770 1099 et
813 1030 978 1100 talis
1009 1043 1090 1100 ut
1133 1033 1404 1099 dicatur
1436 1033 2175 1118 incomprehensibilis,
2214 1031 2373 1118 quia
2408 1050 2551 1098 non
2586 1031 2777 1097 cadit

529 1129 602 1194 ‘n
636 1128 830 1196 ideas
863 1149 1040 1214 quae
1075 1146 1266 1194 nere
1301 1148 1395 1195 ex
1433 1127 1693 1194 talibus
1726 1128 2145 1193 consistunt.

1517 1626 1776 1716 [xm]

591 1807 708 1873 De
753 1807 1528 1874 Remmiam-Anius
1569 1815 1670 1869 m·
1715 1802 2247 1870 Arrunti-ns
2288 1815 2375 1868 m
2418 1801 2706 1869 cmo.

653 1990 844 2061 170.
905 1977 1146 2042 Homo
1179 1976 1294 2060 qui
1337 1997 1430 2042 ex
1476 1974 1632 2040 solo
1665 1975 1965 2042 naturali
2003 1974 2259 2042 lumine
2295 1975 2589 2058 cogitat,
2628 1995 2769 2042 non

525 2073 1111 2156 comprehendere
1155 2081 1416 2156 potest,
1464 2071 1650 2154 quod
1698 2070 1955 2154 aliquid
2020 2071 2091 2136 in
2150 2069 2350 2138 caelo
2401 2070 2624 2136 simile
2680 2071 2770 2136 sit

524 2170 708 2254 quod
757 2169 828 2232 in
889 2167 1190 2246 mund03
1251 2176 1324 2232 et
1371 2166 1504 2232 hoc
1557 2187 1649 2230 ex
1700 2186 1931 2242 causa,
1982 2166 2144 2250 quia
2192 2187 2285 2230 ex
2338 2165 2463 2232 illo
2514 2165 2769 2232 lumine

523 2263 954 2348 cogitaverat
999 2271 1072 2328 et
1117 2283 1194 2326 se
1239 2259 1791 2338 confirmaverat,
1830 2261 2017 2346 quod
2054 2261 2287 2344 angeli
2326 2261 2539 2326 modo
2574 2278 2769 2326 men·

521 2371 631 2426 tes
667 2360 830 2436 sint,
862 2367 935 2425 et
973 2359 1156 2442 quod
1189 2369 1464 2424 mentes
1499 2358 1638 2424 sint
1670 2358 1867 2442 quasi
1902 2368 2281 2444 pneumata
2310 2356 2661 2434 aetherea,
2694 2367 2789 2424 et·

521 2454 680 2519 inde
717 2454 902 2537 quod
937 2453 1076 2518 illis
1119 2473 1258 2518 non
1303 2452 1446 2518 sint
1490 2473 1735 2519 sensus
1770 2453 1884 2537 qui
1928 2453 2209 2531 homini,
2248 2453 2350 2518 ita
2394 2473 2523 2518 nec
2562 2453 2767 2528 oculi,

521 2565 596 2615 et
631 2551 690 2616 si
727 2569 866 2616 non
898 2549 1078 2614 oculi
1108 2549 1294 2632 quod
1325 2568 1454 2614 nec
1485 2546 1757 2630 objecta
1786 2571 1803 2628 ;
1850 2569 2003 2614 cum
2038 2558 2275 2614 tamen
2308 2549 2575 2632 angelis
2606 2561 2767 2617 sunt

519 2666 762 2713 omnes
785 2666 1028 2713 sensus
1057 2645 1170 2728 qui
1201 2643 1484 2720 homini,
1511 2645 1727 2711 immo
1757 2644 1982 2711 multo
2003 2645 2522 2728 exquisitiores3
2554 2647 2769 2711 etiam

521 2743 663 2817 lux,
701 2762 792 2806 ex
829 2760 964 2825 qua
998 2740 1260 2815 vident,
1301 2749 1410 2804 est
1447 2740 1671 2805 multo
1702 2740 2035 2805 illustrior
2064 2741 2219 2807 luce
2254 2762 2347 2806 ex
2383 2762 2519 2825 qua
2554 2740 2767 2807 homo

519 2838 730 2903 videt.
817 2836 1026 2919 Quod
1061 2835 1297 2918 angeli
1341 2837 1482 2901 sint
1519 2836 1837 2903 homines
1878 2838 1947 2901 in
1992 2834 2491 2918 perfeetissima
2522 2836 2763 2913 forma,

518 2942 592 2998 et
649 2932 837 2999 omni
895 2951 1104 2997 sensu
1148 2932 1523 3013 gaudeant,
1572 2932 1891 2997 videatur
1935 2952 2142 3015 supra
2190 2931 2289 3015 (n.
2336 2931 2623 3016 73—77);
2692 2942 2766 2998 et

518 3028 702 3112 quod
740 3028 862 3093 lux
905 3028 978 3093 in
1021 3026 1222 3093 caelo
1265 3028 1358 3093 sit
1403 3026 1626 3093 multo
1663 3026 1997 3093 illustrior
2042 3028 2197 3093 luce
2252 3029 2323 3093 in
2358 3029 2618 3093 mundo
2666 3026 2765 3110 (n.

527 3122 866 3207 126-132).

643 3228 822 3299 171.
885 3214 1138 3299 Qualia
1173 3216 1294 3283 illa
1330 3236 1506 3300 quae
1543 3226 1885 3301 apparent
1920 3218 2191 3301 angelis
2236 3218 2305 3283 in
2351 3218 2583 3296 caelis,
2625 3240 2765 3283 non

520 3314 754 3397 paucis
781 3312 1077 3378 describi
1113 3322 1394 3395 potest3
1440 3323 1602 3379 sunt
1635 3313 1862 3396 quoad
1896 3313 2189 3379 multam
2220 3323 2487 3399 partem
2520 3314 2765 3379 similia

515 3408 650 3473 illis
705 3428 884 3492 quae
941 3408 1010 3473 in
1069 3406 1526 3485 tellure,.sed
1585 3408 1814 3491 quoad
1866 3408 2159 3475 sormam
2210 3408 2643 3493 perfectiora,
2690 3420 2764 3475 et

517 3504 740 3588 quoad
777 3504 1048 3587 copiam
1093 3502 1308 3586 plura.
1399 3500 1604 3585 Quod
1649 3504 1719 3569 in
1766 3503 1979 3570 caelis
2022 3503 2195 3569 talia
2236 3506 2401 3580 sint,
2439 3516 2763 3571 constare

517 3607 754 3685 potest
784 3618 876 3663 ex
915 3596 1048 3663 illis
1077 3618 1254 3681 quae
1286 3599 1434 3663 visa
1465 3608 1626 3663 sunt
1665 3598 2071 3682 Prophetis:
2116 3610 2194 3665 ut
2226 3620 2401 3683 quae
2431 3599 2773 3665 Ezechieli

517 3693 606 3757 de
641 3692 850 3759 Novo
875 3692 1174 3775 Templo
1217 3702 1290 3757 et
1331 3693 1424 3759 de
1467 3692 1670 3759 Nova
1705 3693 1947 3771 Terra,
1984 3712 2163 3779 quae
2198 3696 2679 3761 describuntur
2722 3714 2765 3760 a

516 3807 666 3871 cap.
703 3787 801 3853 xl.
839 3788 929 3853 ad
975 3788 1212 3867 xlviii3
1271 3808 1444 3871 quae
1487 3787 1783 3864 Danieli,
1822 3810 1865 3855 a
1908 3809 2057 3873 cap.
2090 3790 2201 3855 vii.
2240 3790 2327 3855 ad
2374 3790 2488 3855 xii.
2522 3811 2539 3869 ;
2585 3808 2761 3873 quae

516 3881 844 3959 Johanni,
877 3903 918 3948 a
955 3885 1182 3967 capite
1217 3886 1442 3967 primo
1469 3884 1558 3949 ad
1596 3883 1845 3951 ultimo
1876 3885 1949 3950 in
1978 3884 2399 3967 Apocalypsi
2407 3908 2439 3959 ,·
2482 3896 2555 3949 et
2586 3906 2771 3969 quae·

516 3977 690 4053 aliis,
741 3978 830 4045 de
876 3980 1124 4062 quibus
1180 3990 1326 4045 tam
1397 3980 1466 4045 in
1519 3980 1875 4046 historicis
1932 3998 2141 4064 quam
2204 3982 2277 4046 in
2338 3980 2762 4065 propheticis

515 4072 772 4139 Verbi:
821 4074 992 4140 talia
1019 4074 1157 4141 illis
1183 4076 1335 4141 visa
1361 4084 1723 4163 sunt,cum
1748 4085 2065 4157 apertum
2094 4074 2233 4141 illis
2262 4086 2417 4141 erat
2449 4075 2717 4141 caelum
2742 4098 2760 4155 3

516 4178 588 4235 et
631 4168 902 4235 caelum
937 4171 1184 4253 aperiri
1218 4170 1490 4247 dicitur,
1521 4190 1680 4237 cum
1716 4172 2003 4237 interior
2038 4172 2244 4247 visus,
2278 4171 2393 4254 qui
2428 4180 2538 4237 est
2575 4171 2762 4235 visus

517 4266 794 4349 spiritus
835 4266 1156 4343 hominis,
1195 4268 1536 4349 aperiturt
1597 4287 1761 4333 nam
1804 4288 1981 4351 quae
2024 4268 2093 4334 in
2138 4266 2351 4333 caelis
2394 4276 2579 4341 sunt,
2618 4286 2761 4331 non

515 4362 726 4426 videri
763 4372 1056 4446 possunt
1093 4362 1309 4427 oculis
1355 4364 1660 4445 corporis
1705 4363 2025 4440 hominis,
2064 4364 2190 4428 sed
2226 4362 2445 4427 oculis
2480 4362 2760 4445 spiritus

514 4454 658 4537 ejus
685 4476 702 4535 ;
739 4468 812 4522 et
843 4476 999 4524 cum
1023 4457 1439 4541 beneplacet
1473 4456 1777 4523 Domino
1800 4460 2198 4542 aperiuntur
2220 4458 2339 4533 illi,
2367 4477 2522 4522 cum
2547 4457 2760 4521 homo

513 4550 876 4616 abducitur
909 4573 952 4616 a
987 4550 1241 4617 lumine
1272 4552 1590 4631 naturali,
1623 4552 1695 4618 in
1726 4575 1862 4637 quo
1893 4565 2003 4619 est
2041 4576 2134 4619 ex
2167 4552 2478 4619 sensibus
2510 4572 2755 4635 corpo-

513 4648 624 4722 ris.
665 4654 739 4711 et
776 4646 1090 4711 elevatur
1126 4649 1194 4712 in
1232 4648 1454 4712 lucem
1487 4650 1934 4733 spiritualem,
1968 4650 2039 4713 in
2077 4671 2209 4733 qua
2240 4659 2349 4715 est
2388 4670 2479 4714 ex
2512 4648 2756 4731 spiritu

516 4762 660 4808 suo.
749 4740 830 4809 In
867 4742 988 4808 illa
1025 4742 1178 4809 luce
1215 4745 1380 4809 mihi
1415 4745 1564 4810 visa
1601 4754 1787 4823 sunt,
1826 4766 2001 4826 quae
2038 4746 2107 4809 in
2144 4744 2373 4811 caelis.
