3371 5304
553 625 635 692 92
1221 616 1324 670 nt
1370 617 1626 672 canno
1664 617 1763 669 ετ
1808 617 2175 672 mmmm.

550 794 714 858 talia
759 791 1239 876 significantur
1289 809 1412 876 per
1461 791 1620 858 illas
1664 791 1931 876 plagas,
1978 791 2137 856 ideo
2180 791 2433 858 similia
2476 811 2598 876 per
2640 793 2797 858 illas

550 877 1024 962 significantur
1059 879 1124 942 in
1158 877 1374 943 Verbi
1405 895 1610 942 sensu
1643 879 1919 942 interno
1956 897 2073 944 seu
2106 878 2442 960 spirituali
2466 871 2593 957 ὕεα)
2638 897 2801 943 nam

549 995 789 1040 sensus
822 974 1036 1038 Verbi
1073 974 1382 1038 internus
1419 994 1540 1039 seu
1569 973 1939 1057 spiritualis
1971 983 2080 1039 est
2111 993 2388 1056 prorsus
2420 974 2799 1039 secundum

552 1069 674 1136 ilia
711 1089 886 1154 quae
923 1070 991 1132 in
1030 1068 1247 1134 caelo.

675 1180 859 1248 151.
922 1163 1359 1230 Contrarium
1407 1173 1514 1228 est
1571 1163 1707 1228 illis
1753 1164 1867 1248 qui
1932 1163 2001 1228 in
2063 1163 2343 1230 infernis
2388 1174 2570 1229 sunt.
2660 1165 2795 1243 Illi,

547 1263 659 1344 qui
691 1261 804 1335 ibi,
833 1280 972 1324 non
997 1257 1317 1342 spectant
1343 1259 1434 1323 ad
1467 1259 1841 1324 Dominum
1874 1270 1949 1324 ut
1984 1258 2218 1325 Solem
2244 1270 2365 1326 aut
2397 1270 2472 1325 ut
2502 1259 2795 1336 Lunam,

545 1357 670 1420 sed
707 1365 896 1421 retro
940 1375 982 1418 a
1028 1355 1332 1420 Domino
1367 1356 1458 1418 ad
1503 1354 1957 1437 caliginosum
1994 1355 2162 1420 illud
2202 1356 2385 1440 quod
2432 1356 2593 1422 loco
2630 1358 2797 1420 solis

549 1451 786 1515 mundi
843 1460 976 1526 est,
1023 1460 1097 1516 et
1161 1451 1251 1514 ad
1311 1451 1760 1515 tenebrosum
1808 1451 1993 1533 quod
2060 1451 2218 1516 loco
2276 1451 2479 1516 lunae
2524 1451 2796 1517 telluris

545 1554 654 1610 est
680 1566 696 1624 ;
743 1544 842 1608 illi
873 1545 986 1628 qui
1017 1547 1204 1628 genii
1235 1555 1596 1620 vocantur,
1623 1545 1713 1609 ad
1746 1545 2201 1628 caliginosum
2225 1548 2408 1631 quod
2442 1547 2599 1611 loco
2630 1548 2795 1612 solis

547 1640 784 1704 mundi
841 1649 973 1716 est,
1021 1649 1094 1704 et
1152 1639 1252 1704 illi
1311 1641 1424 1723 qui
1471 1641 1751 1723 spiritus
1798 1651 2155 1718 vocantur,
2202 1642 2291 1706 ad
2347 1641 2793 1707 tenebrosum

547 1735 730 1817 quod
771 1734 928 1799 loco
967 1734 1169 1798 lunae
1207 1735 1472 1800 telluris
1511 1746 1621 1800 est
1644 1733 1803 1800 τίω)
1863 1738 2046 1819 quod
2084 1737 2190 1801 sol
2229 1738 2464 1802 mundi
2509 1747 2582 1802 et
2630 1738 2794 1802 luna

545 1829 814 1894 telluris
853 1850 992 1894 non
1031 1841 1415 1915 appareant
1462 1832 1530 1894 in
1569 1832 1830 1894 mundo
1866 1831 2227 1915 spirituali,
2268 1834 2391 1897 sed
2430 1831 2589 1897 loco
2626 1832 2791 1898 solis

542 1925 743 1990 istius
785 1925 1245 2008 caliginosum
1290 1927 1453 2008 quid
1513 1947 1604 1990 ex
1665 1928 1991 2010 opposito
2034 1927 2123 1991 ad
2189 1926 2425 1992 Solem
2468 1928 2668 2004 caeli,
2714 1937 2791 1993 et

545 2020 704 2085 loco
751 2019 956 2085 lunae
1001 2021 1198 2085 istius
1231 2017 1735 2086 ¹¹¹tenebrosum
1782 2017 1997 2106 ¹⁹¹quid
2042 2043 2134 2088 ex
2180 2025 2509 2106 opposito
2552 2023 2641 2088 ad
2685 2022 2788 2088 lu·-

543 2135 703 2180 nam
741 2115 940 2193 caeli,
981 2116 1297 2181 videatur
1332 2137 1536 2200 supra
1577 2115 1672 2200 (n.
1720 2118 1908 2200 122):
1957 2119 2118 2182 inde
2154 2129 2318 2183 sunt
2358 2119 2493 2182 illis
2538 2119 2789 2202 plagae

543 2213 906 2293 oppositae
944 2212 1168 2294 plagis
1204 2213 1421 2291 caeli3
1479 2215 1710 2278 oriens
1747 2213 1881 2278 illis
1918 2223 2027 2278 est
2072 2214 2187 2278 ubi
2222 2214 2675 2296 caliginosum
2712 2222 2789 2279 et

541 2307 990 2372 tenebrosum
1035 2307 1247 2386 illud;
1310 2309 1636 2374 occidens
1683 2308 1817 2374 illis
1862 2308 1975 2373 ubi
2022 2308 2143 2374 Sol
2188 2309 2406 2388 caeli;
2468 2309 2788 2375 meridies

541 2403 678 2468 illis
709 2404 796 2466 ad
836 2403 1187 2480 dextrum,
1226 2413 1298 2469 et
1345 2407 1735 2487 septentrio
1771 2405 1859 2468 ad
1892 2405 2283 2470 sinistrum:
2332 2416 2406 2470 et
2444 2405 2577 2470 hoc
2616 2426 2785 2490 quo-

540 2519 672 2581 que
733 2499 804 2563 in
863 2499 1052 2563 omni
1099 2501 1551 2564 conversione
1605 2501 1911 2583 corporis
1966 2521 2243 2579 eorum;
2314 2521 2441 2566 nec
2495 2511 2787 2585 possunt

540 2594 764 2671 aliter,
799 2615 892 2659 ex
930 2613 1138 2659 causa
1174 2595 1333 2678 quia
1369 2596 1592 2659 omnis
1630 2592 1918 2661 directio
1950 2595 2351 2661 interiorum
2385 2596 2676 2673 illorum,
2710 2607 2785 2663 et

538 2690 697 2755 inde
735 2691 960 2755 omnis
997 2692 1490 2755 determinatio
1527 2691 1688 2756 illuc
1728 2694 1953 2773 vergit
2002 2702 2075 2757 et
2122 2694 2403 2758 nititur:
2458 2694 2641 2776 quod
2681 2694 2784 2757 di·

538 2783 752 2849 rectio
788 2787 1188 2851 interiorum
1227 2797 1298 2851 et
1337 2787 1496 2850 inde
1527 2786 2017 2852 determinatio
2048 2784 2335 2852 actualis
2372 2788 2678 2853 omnium
2715 2789 2786 2853 in

539 2880 757 2945 altera
793 2882 939 2945 vita
985 2883 1076 2947 sit
1122 2883 1499 2946 secundum
1538 2902 1867 2960 amorem,
1904 2884 2242 2960 videatur,
2278 2904 2343 2947 n.
2385 2900 2541 2965 1433
2590 2905 2785 2949 amor

538 2976 806 3040 illorum
843 2976 958 3059 qui
1002 2978 1070 3041 in
1115 2976 1391 3041 infernis
1430 2989 1592 3042 sunt
1631 2986 1739 3043 est
1785 2998 1979 3044 amor
2012 2980 2113 3043 sui
2150 2990 2225 3045 et
2272 2981 2524 3057 mundi,
2566 2989 2640 3046 et
2684 2980 2783 3047 illi

538 3090 808 3135 amores
846 3082 1006 3136 sunt
1052 3073 1164 3156 qui
1209 3073 1684 3155 significantur
1730 3094 1850 3157 per
1892 3074 2111 3140 solem
2150 3076 2387 3139 mundi
2430 3085 2503 3140 et
2549 3076 2781 3141 lunam

538 3165 804 3230 telluris
867 3164 1238 3249 (videatur,
1279 3189 1346 3232 n.
1387 3168 1584 3253 122);
1658 3178 1732 3234 et
1798 3190 2069 3253 quoque
2126 3168 2226 3234 illi
2284 3190 2557 3235 amores
2616 3180 2781 3237 sunt

537 3262 840 3345 oppositi
878 3262 1092 3325 amori
1137 3264 1204 3326 in
1246 3263 1617 3327 Dominum
1657 3274 1731 3329 et
1775 3266 1993 3329 amori
2028 3286 2197 3347 erga
2240 3268 2632 3349 proximum
2658 3263 2780 3345 ;(“‘)

535 3357 694 3423 inde
720 3366 852 3434 est,
878 3359 1061 3442 quod
1089 3380 1162 3422 se
1199 3368 1480 3426 vertant
1504 3359 1593 3424 ad
1631 3360 1963 3443 caligines
1994 3360 2151 3425 illas
2169 3372 2356 3447 retro
2384 3382 2425 3425 a
2456 3360 2781 3429 Domine.

1315 3578 1391 3633 (xx
1415 3590 1610 3623 amn
1633 3582 1958 3636 canui-not.)

644 3676 778 3745 (ccc)
817 3674 998 3749 Quod
1025 3676 1274 3733 “oriens
1291 3676 1323 3699 ’'
1349 3676 1411 3733 in
1443 3678 1648 3733 Verbo
1671 3676 1972 3751 significet
1998 3694 2265 3737 amorem
2298 3680 2357 3735 in
2392 3680 2779 3751 perceptione

536 3746 699 3802 clara
719 3748 797 3816 (n.
827 3760 979 3817 ¹²50·
1008 3749 1203 3817 3708):
1253 3750 1586 3805 “occidens
1605 3750 1636 3769 '⁹
1673 3766 1944 3806 amorem
1996 3752 2058 3805 in
2096 3752 2485 3822 perceptione
2521 3754 2775 3808 obscura

536 3819 618 3885 (n.
653 3818 807 3887 3708.
838 3818 1039 3888 9653):
1089 3827 1120 3848 ⁴⁴
1141 3820 1422 3875 meridies
1436 3820 1466 3840 ”
1497 3831 1723 3876 statum
1763 3822 1915 3877 lucis
1944 3838 2053 3877 seu
2084 3822 2419 3893 sapientiae
2454 3834 2519 3879 et
2557 3822 2778 3878 intelli-

532 3890 773 4029 gentia?
801 3890 882 3957 (n.
919 3889 1070 4027 2ξὸ,
1099 3890 1255 3960 3708,
1297 3890 1494 3961 5672):
1539 3902 1604 3947 et
1639 3900 1672 3922 ‘⁶
1688 3892 2023 3964 septentrio
2036 3890 2068 3915 ”
2100 3893 2267 3948 illum
2306 3904 2529 3949 statum
2570 3890 2630 3948 in
2670 3896 2777 3950 ob-

535 3974 713 4013 scuro
767 3974 822 4014 n.
852 3970 918 4028 37
1019 4001 1032 4015 .

645 4056 818 4124 (ddd)
854 4054 1124 4141 ‘Quinam
1163 4068 1226 4113 et
1261 4060 1469 4143 quales
1499 4070 1641 4115 sunt
1667 4058 1772 4130 qui
1809 4071 2107 4116 vocantur
2113 4058 2307 4187 8genii.
2332 4072 2394 4116 et
2430 4061 2676 4133 quinam
2714 4070 2779 4119 et

533 4126 742 4198 quales
767 4143 869 4198 qui
891 4140 1186 4183 vocantur
1208 4141 1454 4201 spiritus
1481 4131 1562 4200 (n.
1589 4143 1712 4200 947,
1744 4142 1901 4201 5035,
1933 4143 2085 4202 5977,
2154 4146 2271 4201 593,
2300 4132 2455 4195 8622,
2484 4132 2587 4187 862
2596 4138 2668 4203 5).

645 4230 774 4295 (ece)
815 4226 994 4301 Quod
1023 4227 1125 4298 qui
1153 4228 1213 4283 in
1241 4230 1544 4285 amoribus
1570 4230 1660 4285 sui
1688 4240 1751 4285 et
1778 4231 1987 4285 mundi
2013 4238 2173 4295 sunt,
2201 4246 2267 4287 se
2290 4239 2529 4286 vertant
2556 4240 2716 4286 retro
2738 4245 2775 4285 n

538 4295 802 4353 Domino
823 4302 904 4367 (n.
937 4312 1123 4367 10130,
1158 4300 1341 4368 10189.
1375 4312 1564 4367 10420,
1597 4302 1815 4370 10702).

641 4366 821 4441 Quod
847 4384 1019 4425 amor
1047 4370 1108 4423 in
1138 4370 1464 4425 Dominum
1485 4381 1549 4425 et
1572 4370 1835 4426 charitas
1858 4388 2002 4442 erga
2028 4373 2364 4443 proximum
2392 4372 2616 4427 faciant
2638 4388 2773 4428 cae-

534 4439 677 4502 lum,
705 4455 776 4495 ac
805 4456 974 4495 amor
1002 4440 1096 4495 sui
1127 4451 1190 4495 et
1219 4456 1390 4496 amor
1415 4442 1622 4497 mundi
1655 4442 1877 4497 iaciant
1907 4440 2221 4505 infernum,
2246 4443 2389 4513 quia
2410 4453 2555 4497 sunt
2582 4458 2771 4514 oppo-

533 4509 634 4564 siti
665 4512 744 4577 (n.
775 4510 1114 4649 2041.)3610.
1139 4524 1300 4582 4225.
1322 4511 1481 4580 4776.
1506 4512 1670 4577 6210.
1689 4512 1845 4583 7366,
1866 4511 2022 4583 7369.
2044 4524 2199 4583 7490·
2222 4513 2377 4583 8232.
2400 4514 2555 4582 8678.
2585 4526 2769 4585 10455·

540 4593 922 4651 10741-10745
953 4622 966 4637 ·
