3371 5304
1345 651 1448 704 DE
1495 651 1767 705 roam
1810 653 2065 706 cmm.
2702 659 2730 708 1
2748 655 2827 728 ¹7

589 853 598 864 ·
705 835 908 906 203·
959 819 1314 904 Quantum
1350 823 1594 906 aliquis
1636 823 1705 888 in
1750 823 1969 889 forma
2004 824 2179 889 caeli
2222 835 2353 902 est,
2393 833 2668 890 tantum
2712 837 2825 893 est

577 917 648 980 in
702 915 918 992 caelo,
965 918 1177 981 immo
1220 926 1494 982 tantum
1537 927 1648 983 est
1693 919 1960 983 caelum
2018 921 2100 984 in·
2132 921 2411 984 minima
2454 921 2670 985 forma
2720 929 2817 1004 (n.

583 1009 736 1094 57);
783 1012 1068 1093 proinde
1094 1022 1370 1077 tantum
1393 1022 1503 1077 est
1533 1015 1603 1077 in
1628 1014 2095 1096 intelligentia
2118 1025 2191 1079 et
2222 1016 2597 1099 sapientia;
2635 1036 2817 1095 nam,

579 1115 654 1170 ut
691 1125 894 1188 supra
927 1105 1184 1170 dictum
1221 1118 1353 1184 est,
1386 1110 1609 1173 omnis
1645 1110 1987 1192 cogitatio
2015 1131 2190 1194 quae
2220 1108 2614 1175 intellectus
2650 1111 2816 1194 ejus,

575 1210 650 1265 et
684 1203 910 1265 omnis
940 1200 1212 1266 affectio
1249 1223 1425 1286 quae
1453 1204 1837 1268 voluntatis
1873 1205 2036 1286 ejus,
2062 1225 2137 1269 se
2173 1207 2563 1270 extendunt
2601 1209 2815 1272 unde-

578 1315 844 1380 quaque
895 1298 964 1360 in
1011 1298 1282 1362 caelum
1326 1300 1703 1362 secundum
1750 1300 2039 1364 sormam
2082 1300 2249 1381 ejus,
2296 1311 2369 1364 et
2416 1302 2821 1368 mirabiliter

579 1394 1091 1458 communicant
1137 1413 1292 1458 cum
1337 1395 1789 1458 societatibus
1835 1415 2009 1478 quae
2052 1396 2167 1471 ibi,
2214 1405 2288 1460 et
2339 1396 2472 1460 hae
2518 1397 2819 1462 vicissim

575 1505 731 1551 cum
769 1485 998 1551 illos-⁸)
1086 1487 1262 1552 Sunt
1299 1489 1578 1572 quidam
1622 1491 1739 1573 qui
1783 1490 2091 1566 credunt,
2132 1490 2314 1573 quod
2352 1492 2819 1573 cogitationes

574 1593 646 1647 et
677 1581 1072 1648 affefitiones
1105 1603 1242 1648 non
1267 1581 1630 1648 actualiter
1666 1604 1741 1648 se
1773 1586 2167 1650 extendant
2198 1587 2449 1654 circum
2485 1585 2664 1662 illos,
2693 1589 2815 1652 sed

573 1680 756 1761 quod
793 1680 930 1742 sint
967 1681 1148 1743 intra
1187 1679 1364 1752 illos,
1405 1699 1496 1742 ex
1534 1699 1743 1743 causa
1780 1680 1937 1766 quia
1972 1681 2213 1744 vident
2249 1679 2369 1744 illa
2406 1701 2582 1763 quae
2618 1683 2813 1764 cogi-

575 1781 732 1837 tant
763 1775 948 1837 intus
985 1775 1052 1837 in
1091 1795 1188 1851 se,
1221 1784 1294 1838 et
1333 1793 1472 1838 non
1505 1782 1580 1837 ut
1617 1775 1926 1852 distans;
1974 1775 2095 1838 sed
2128 1773 2419 1838 multum
2449 1773 2812 1840 falluntur:

573 1886 732 1932 nam
769 1869 944 1932 sicut
981 1870 1164 1931 visus
1195 1868 1375 1932 oculi
1406 1870 1889 1933 extensionem
1922 1867 2136 1932 habet
2172 1869 2259 1932 ad
2298 1869 2561 1946 dissita,
2596 1880 2670 1935 et
2706 1891 2814 1935 se-

573 1963 872 2026 cundum
911 1963 1221 2027 ordinem
1259 1962 1552 2038 illorum,
1587 1984 1760 2046 quae
1800 1965 1865 2026 in
1903 1965 2317 2028 extensione
2352 1964 2567 2040 videt,
2600 1965 2813 2031 affici·

573 2067 704 2133 tur,
765 2059 865 2122 ita
923 2077 1192 2140 quoque
1249 2059 1434 2122 visus
1493 2057 1636 2140 ejus
1696 2060 1999 2132 interior,
2056 2059 2168 2141 qui
2226 2067 2335 2122 est
2392 2057 2808 2136 intellec'tus,

571 2153 1051 2216 extensionem
1096 2151 1312 2216 habet
1369 2153 1438 2216 in
1491 2153 1824 2234 spirituali
1878 2153 2157 2227 mundo,
2207 2154 2489 2218 tametsi
2546 2154 2616 2217 id
2673 2173 2811 2218 non

571 2249 880 2330 percipit,
913 2267 1004 2310 ex
1038 2267 1244 2310 causa
1273 2249 1362 2312 de
1391 2267 1526 2330 qua
1557 2266 1761 2329 supra
1805 2246 1901 2330 (n.
1944 2248 2091 2330 196)
2122 2268 2137 2310 :
2187 2247 2569 2312 differentia
2600 2248 2810 2313 modo

571 2352 703 2418 est,
750 2343 932 2426 quod
976 2344 1164 2405 visus
1207 2342 1390 2407 oculi
1435 2342 1777 2406 afficiatur
1822 2342 2255 2416 naturaliter,
2304 2343 2461 2424 quia
2522 2361 2612 2405 ex
2674 2342 2811 2406 illis

569 2457 742 2522 quae
787 2439 854 2501 in
902 2438 1196 2502 naturali
1234 2439 1512 2512 mundo,
1549 2439 1734 2501 visus
1772 2446 2004 2500 autem
2041 2435 2436 2502 intellectus
2472 2435 2809 2500 afficiatur

569 2533 1036 2614 spiritualiter,
1085 2533 1244 2616 quia
1287 2552 1376 2596 ex
1431 2532 1564 2596 illis
1602 2553 1779 2614 quae
1824 2533 1891 2595 in
1938 2531 2273 2613 spirituali
2320 2529 2576 2596 mundo
2620 2541 2805 2606 sunt,

569 2647 744 2713 quae
781 2629 1012 2693 omnia
1055 2648 1130 2691 se
1175 2627 1474 2692 referunt
1511 2628 1599 2692 ad
1647 2628 1903 2691 bonurn
1940 2636 2013 2691 et
2050 2645 2328 2691 verum:
2374 2627 2557 2710 quod
2596 2625 2829 2691 homo·

569 2742 708 2787 non
744 2725 919 2788 sciat
957 2724 1137 2807 quod
1185 2724 1286 2787 ita
1329 2724 1444 2799 sit,
1485 2732 1593 2787 est
1637 2724 1797 2806 quia
1842 2742 1980 2786 non
2026 2723 2161 2787 scit
2197 2722 2379 2805 quod
2418 2722 2647 2804 aliqua
2682 2722 2807 2785 lux

569 2821 657 2883 sit
702 2838 879 2902 quae
921 2816 1264 2881 illuminat
1309 2815 1763 2893 intellectum,
1812 2836 1965 2881 cum
2010 2828 2245 2882 tamen
2291 2816 2502 2881 homo
2547 2817 2807 2899 absque

568 2914 718 2979 luce
784 2934 960 2996 quae
1017 2914 1360 2977 illuminat
1418 2911 1873 2990 intellectum,
1931 2932 2205 2995 prorsus
2264 2912 2433 2975 nihil
2494 2912 2805 2993 cogitare

569 3018 846 3091 potest;
914 3010 1002 3073 de
1061 3009 1213 3073 luce
1271 3008 1392 3072 illa
1435 3009 1753 3073 videatur
1796 3027 2001 3089 supra
2048 3005 2144 3089 (n.
2200 3005 2541 3089 126-132).
2632 3006 2807 3071 Erat

569 3104 840 3186 quidam
878 3105 1172 3186 spirituS,
1211 3104 1323 3185 qui
1362 3124 1630 3185 quoque
1668 3102 1981 3177 credidit,
2022 3102 2207 3185 quod
2244 3102 2516 3183 cogitet
2564 3122 2655 3164 ex
2704 3120 2801 3177 se,

569 3200 665 3261 ita
709 3200 965 3281 absque
1005 3199 1230 3280 aliqua
1267 3200 1682 3263 extensione
1720 3206 1925 3262 extra
1970 3216 2066 3271 se,
2107 3205 2178 3260 et
2226 3196 2385 3260 inde
2424 3196 2802 3260 communi-

567 3293 840 3357 catione
871 3312 1024 3356 cum
1049 3293 1494 3356 societatibus
1525 3311 1700 3374 quae
1725 3301 1927 3355 extra
1952 3290 2161 3354 illum.
2244 3290 2345 3355 Ut
2380 3292 2587 3355 sciret
2620 3289 2802 3372 quod

568 3389 634 3451 in
679 3387 853 3451 salso
898 3397 1105 3462 esset,
1150 3387 1582 3451 adimebatur
1628 3388 1690 3449 ei
1738 3387 2277 3450 communicatio
2311 3405 2467 3449 cum
2504 3386 2801 3449 societa-

567 3483 750 3547 tibus
796 3482 1166 3564 proximis;
1213 3482 1375 3545 inde
1419 3481 1537 3546 ille
1583 3500 1723 3545 non
1767 3481 1978 3545 modo
2022 3480 2331 3563 privatus
2376 3489 2485 3544 est
2531 3481 2799 3561 cogita-

567 3720 684 3775 hoc
707 3728 820 3782 est,
843 3718 1196 3790 regenerari,
1219 3718 1384 3790 quod
1414 3717 1484 3773 fit
1514 3734 1620 3789 per
1645 3716 1866 3773 Divina
1890 3734 2033 3773 vera
2066 3734 2102 3773 a
2141 3715 2423 3781 Domino,
2451 3727 2519 3772 ut
2548 3718 2608 3771 in
2639 3718 2801 3773 ordi-

567 3805 703 3845 nem
741 3790 1131 3915 inagggretur
1167 3792 1252 3858 (n.
1306 3802 1456 3856 1047,
1489 3802 1647 3858 2307,
1680 3789 1835 3858 2308,
1868 3788 2024 3859 3518,
2057 3788 2213 3859 3812,
2239 3788 2397 3855 8480,
2423 3788 2579 3859 8550,
2612 3788 2799 3859 10:83.

571 3860 850 4003 'mgudd
881 3861 1352 3992 Dorss‘i’ggsseum
1374 3930 1680 3985 hominem
1702 3947 1735 3985 e
1760 3946 1923 3985 novo
1942 3929 2175 3989 format,
2196 3930 2314 3984 hoc
2339 3939 2448 3991 est,
2470 3946 2497 3983 r
2612 3940 2799 3991 nerat.

564 4002 769 4060 omnia
789 4001 950 4073 apud
977 4002 1142 4057 illum
1167 4000 1456 4071 disponat
1479 4004 1813 4057 secundum
1833 4001 2125 4063 ordinem.
2144 3999 2308 4071 quod
2334 4010 2429 4056 est
2456 4000 2515 4053 in
2566 4015 2797 4055 ormam

566 4072 715 4128 caeli
744 4075 826 4141 (n.
857 4085 1008 4141 5700,
1034 4071 1191 4141 6690,
1217 4085 1376 4143 9931,
1404 4070 1618 4140 10303).

644 4176 776 4261 χρυ)
795 4246 808 4261 ⁰
829 4173 1008 4248 Quod
1063 4176 1534 4231 communicatio
1579 4176 1757 4237 vitae,
1794 4190 1949 4247 quae
2001 4175 2203 4230 vocari
2254 4184 2454 4244 potest
2506 4174 2799 4235 extensio.

563 4264 753 4303 cuivis
793 4263 853 4301 in
896 4247 1066 4303 caelo
1101 4246 1181 4301 sit
1231 4246 1291 4301 in
1334 4246 1655 4302 societates
1693 4246 1995 4317 angelicas
2036 4245 2423 4301 circumcirca
2463 4246 2797 4301 secundum

564 4327 856 4389 quantum
883 4326 946 4371 et
969 4317 1146 4401 quale
1169 4316 1314 4373 boni
1343 4318 1424 4386 (n.
1451 4317 1608 4387 8794„
1633 4316 1818 4385 8797).

671 4386 850 4461 Quod
877 4388 1278 4459 cogitationes
1305 4396 1369 4442 et
1397 4384 1747 4443 affectiones
1771 4388 1955 4443 talem
1980 4386 2393 4443 extensionem
2420 4384 2685 4441 habeant
2716 4389 2798 4452 (n.

567 4470 722 4528 2475·
747 4458 1110 4543 ⁶598-⁶6¹,3)·
1514 4528 1528 4543 ,
1569 4528 1584 4543 ,
2464 4529 2476 4543 ‚

677 4526 856 4601 Quod
895 4536 1342 4601 conjungantur
1369 4536 1432 4585 et
1469 4528 1893 4601 disjungantur
1921 4529 2250 4584 secundum
2282 4525 2629 4583 affecliones
2668 4542 2797 4599 reg-

567 4610 780 4657 nantes
807 4602 888 4669 (n.
911 4599 1102 4668 4¹¹1)-
