3371 5304
639 583 764 662 386
1107 605 1112 612 ·
1277 597 1378 648 nt:
1411 595 1676 650 casm
1720 597 1819 648 ΕΤ
1862 595 2233 650 munuc.

631 769 840 834 seruis
873 765 1216 852 oppositis
1251 785 1472 849 regno
1513 767 1803 832 caelesti
1848 765 2133 836 Domini
2166 789 2403 832 versus
2444 767 2603 836 illos
2644 771 2763 852 qui
2804 773 2875 838 in

632 883 850 946 regno
893 861 1228 946 spirituali
1273 871 1476 940 sunt,
1459 883 1476 898 ·
1539 881 1699 926 nam
1744 864 1801 927 si
1844 863 1979 927 hoc
2022 861 2245 939 fieret,-
2284 865 2541 948 periret
2582 885 2873 947 regnum

633 957 1026 1042 spirituale3
1073 977 1282 1022 causa
1317 959 1628 1022 videatur
1661 977 1869 1041 supra
1900 956 1998 1041 (n.
2048 959 2193 1039 578,
2238 958 2409 1043 579).
2502 959 2699 1025 Haec
2736 961 2875 1026 duo

634 1054 1024 1119 'communia
1067 1053 1470 1165 aequilibria
1511 1063 1692 1132 sunt,
1738 1069 1935 1139 quae
1958 1073 2002 1118 a
2044 1054 2348 1120 Domino
2384 1055 2641 1138 jugiter
2684 1067 2873 1122 sarta

633 1158 1148 1214 conservantur.

1587 1563 1915 1700 [Lx111.]

635 1815 862 1898 Quot>
903 1815 1142 1880 Homo
1188 1827 1272 1880 m
1317 1816 1614 1881 LIBERO
1656 1827 1777 1880 srr
1820 1829 1963 1880 PER
2013 1815 2591 1894 AEQmumuuM
2634 1830 2865 1880 iuri-:a

1281 1910 1606 1976 CAELUM
1652 1923 1753 1974 ET
1798 1910 2233 1976 INFERNUM.

756 2119 956 2190 597.
1014 2107 1233 2189 Supra
1269 2105 1496 2171 aetum
1535 2117 1642 2172 est
1691 2108 1777 2172 de
1823 2108 2227 2190 aequilibrio
2262 2108 2444 2173 inter
2478 2107 2749 2172 caelum
2774 2117 2865 2176 ,et

631 2200 986 2278 infernum,
1022 2213 1093 2265 et
1131 2211 1490 2268 ostensum
1527 2203 1707 2284 quod
1740 2192 2215 2285 aequilibrium
2252 2203 2417 2268 illud
2456 2203 2548 2267 sit
2584 2203 2866 2286 aequili-

629 2295 847 2359 brium
873 2295 1054 2361 inter
1077 2299 1331 2361 bonum
1358 2299 1540 2380 quod
1573 2318 1612 2362 e
1635 2297 1833 2361 caelo
1864 2307 1937 2362 et
1963 2297 2219 2362 malum
2243 2298 2425 2381 quod
2450 2319 2543 2361 ex
2564 2297 2827 2362 inferno
2848 2319 2867 2377 ς

630 2393 728 2455 ita
774 2393 956 2474 quod
1001 2393 1092 2456 sit
1137 2392 1608 2475 aequilibrium
1646 2392 2020 2475 spirituale,
2054 2393 2238 2476 quod
2282 2394 2353 2458 in
2398 2413 2521 2458 sua
2561 2394 2871 2456 essentia

631 2497 740 2551 est
772 2487 1082 2551 liberum.
1173 2487 1379 2568 Quod
1411 2488 1883 2570 aequilibrium
1916 2488 2271 2569 spirituale
2308 2489 2375 2552 in
2412 2509 2536 2552 sua
2566 2487 2869 2552 essentia

591 2651 594 2657 ,
631 2582 721 2645 sit
762 2581 1068 2659 liberum,
1109 2592 1218 2646 est
1265 2583 1424 2666 quia
1468 2593 1578 2646 est
1623 2583 1807 2647 inter
1843 2582 2101 2648 bonum
2138 2592 2208 2646 et
2242 2583 2521 2658 malum,
2558 2601 2643 2648 ac
2687 2581 2869 2648 inter

631 2698 863 2742 verum
924 2688 996 2742 et
1054 2679 1322 2754 salsum,
1383 2686 1456 2743 et
1507 2678 1680 2743 haec
1741 2688 1903 2743 sunt
1960 2679 2381 2761 spiritualia:
2450 2688 2869 2761 quapropter

629 2790 834 2857 posse
871 2774 1052 2838 velle
1089 2774 1346 2838 bonum
1383 2785 1504 2839 aut
1539 2774 1821 2849 malum,
1861 2784 1934 2839 et
1966 2776 2275 2857 cogitare
2310 2792 2547 2837 verum
2585 2784 2705 2837 aut
2738 2774 2867 2835 sal-

630 2888 801 2945 sum,
841 2889 920 2935 ac
959 2870 1214 2951 eligere
1252 2888 1459 2933 unum
1493 2890 1656 2953 prae
1693 2870 1939 2945 altero,
1977 2880 2089 2934 est
2122 2870 2429 2945 liberum,
2462 2870 2549 2933 de
2586 2889 2723 2951 quo
2758 2870 2865 2933 hic

629 2965 878 3045 agitur.
971 2964 1126 3029 Hoc
1182 2965 1469 3030 liberum
1515 2966 1720 3029 datur
1764 2966 2093 3029 unicuivis
2137 2964 2394 3029 homini
2443 2984 2485 3027 a
2544 2964 2862 3037 Domino,

631 3078 757 3123 nec
797 3080 1078 3143 usquam
1119 3060 1455 3139 aufertur3
1503 3070 1612 3124 est
1649 3061 1927 3142 quidem
1964 3082 2059 3123 ex
2104 3080 2226 3123 sua
2262 3060 2529 3140 origine
2564 3078 2705 3123 non
2740 3058 2865 3123 ho-

630 3154 832 3218 minis
867 3156 988 3219 sed
1028 3154 1328 3231 Domini,
1368 3156 1526 3238 quia
1561 3166 1670 3219 est
1704 3176 1745 3219 a
1778 3155 2121 3232 Domino;
2168 3166 2242 3219 at
2282 3176 2495 3237 usque
2532 3174 2689 3217 cum
2724 3154 2869 3219 vita

630 3249 928 3314 donatur
972 3250 1231 3312 homini
1277 3250 1455 3313 sicut
1499 3270 1742 3328 suum;
1805 3262 1878 3315 et
1922 3250 2056 3314 hoc
2102 3271 2195 3313 ex
2254 3270 2481 3324 causa,
2532 3259 2606 3313 ut
2658 3250 2866 3312 homo

629 3345 851 3427 possit
895 3344 1242 3409 reformari
1289 3355 1364 3409 et
1409 3345 1700 3423 salvari3
1762 3364 1921 3409 nam
1966 3345 2224 3428 absque
2264 3345 2481 3409 libero
2526 3344 2716 3407 nulla
2758 3364 2865 3407 re·

627 3440 950 3505 formatio
986 3450 1059 3504 et
1105 3440 1424 3505 salvatio.
1515 3439 1822 3523 Quisque
1859 3460 1952 3503 ex
1988 3442 2357 3504 intuitione
2388 3440 2617 3522 aliqua
2652 3442 2865 3503 ratio-

630 3534 769 3599 nali
826 3536 1060 3599 videre
1121 3545 1380 3617 potest,
1435 3536 1618 3618 quod
1675 3538 1745 3599 in
1804 3536 2103 3600 hominis
2139 3535 2355 3600 libero
2414 3537 2503 3599 sit
2556 3535 2867 3616 cogitare

628 3631 809 3694 male
841 3632 950 3695 vel
991 3633 1189 3707 bene,
1229 3634 1496 3695 sincere
1533 3632 1644 3695 vel
1681 3633 2043 3707 insincere,
2077 3632 2260 3713 juste
2296 3631 2409 3695 vel
2454 3630 2751 3711 injuste3
2793 3640 2865 3692 et

629 3746 897 3809 quoque
930 3727 1114 3810 quod
1160 3729 1382 3811 possit
1417 3728 1601 3811 loqui
1639 3738 1715 3792 et
1760 3748 1968 3810 agere
2006 3727 2205 3802 bene,
2228 3729 2504 3791 sincere
2547 3735 2621 3791 et
2659 3724 2863 3807 juste,

628 3822 750 3885 sed
785 3840 922 3886 non
953 3822 1156 3899 male,
1185 3824 1519 3887 insincere
1551 3833 1626 3887 et
1657 3822 1907 3905 injuste
1932 3832 2215 3905 propter
2238 3822 2431 3905 leges
2454 3820 2865 3904 spirituales,

592 3917 596 3925 '
628 3917 928 3981 morales
964 3927 1036 3982 et
1075 3918 1334 3993 civiles,
1371 3938 1491 4001 per
1521 3938 1691 4001 quas
1722 3927 2091 3983 externum
2122 3917 2267 3999 ejus
2298 3926 2577 3981 tenetur
2612 3917 2681 3981 in
2718 3916 2865 3979 vin-

629 4010 820 4077 culis.
911 4012 1024 4077 Ex
1084 4012 1189 4076 his
1247 4023 1466 4096 patet,
1514 4014 1698 4096 quod
1746 4014 2027 4097 spiritus
2068 4013 2387 4087 hominis,
2426 4014 2541 4096 qui
2594 4020 2701 4075 est
2754 4012 2867 4093 qui

597 4102 902 4190 'cogitat
933 4119 1006 4172 et
1041 4108 1210 4183 vult,
1249 4108 1342 4172 sit
1387 4109 1455 4172 in
1494 4108 1758 4187 libero;
1818 4128 1957 4173 non
2004 4110 2105 4173 ita
2142 4120 2511 4172 externum
2548 4104 2865 4179 hominis,

627 4204 813 4287 quod
856 4203 1158 4288 loquitur
1200 4214 1272 4269 et
1319 4205 1489 4287 agit,
1531 4204 1657 4268 nisi
1703 4204 1837 4269 hoc
1880 4204 1975 4268 sit
2020 4205 2397 4269 secundum
2443 4196 2867 4287 supradifitas

629 4296 843 4381 leges.

753 4392 962 4477 598·
1021 4392 1226 4475 Quod
1263 4392 1474 4459 homo
1511 4414 1650 4459 non
1675 4396 1899 4481 possit
1929 4394 2277 4460 reformari
2308 4394 2437 4459 nisi
2472 4393 2539 4459 ei
2574 4392 2667 4459 sit
2696 4392 2867 4456 libe·

627 4506 798 4564 rum,
836 4499 944 4552 est
977 4491 1136 4573 quia
1172 4491 1480 4555 nascitur
1509 4490 1576 4555 in
1609 4494 1834 4558 omnis
1869 4492 2141 4575 generis
2178 4490 2383 4567 mala,
2420 4510 2597 4574 quae
2632 4498 2868 4555 tamen

630 4585 1051 4648 removenda
1093 4596 1278 4663 sunt,
1318 4594 1396 4652 ut
1427 4586 1676 4652 salvari
1714 4590 1937 4671 possit
1954 4605 1979 4652 't
2024 4606 2156 4653 nec
2186 4588 2523 4663 removeri
2550 4598 2865 4672 possunt,
