3371 5304
562 685 691 751 294
1216 685 1319 737 ΒΕ
1362 686 1614 739 CAELO
1660 688 1759 739 ET
1803 686 2165 743 INFERNO.

555 850 989 934 judicabitur,
1030 862 1105 918 et
1148 854 1211 919 ei
1246 855 1706 921 retribuetur:
1761 857 2046 942 quisque
2081 860 2294 923 etiam
2331 861 2444 943 qui
2487 882 2581 925 ex
2619 862 2803 934 bono

560 958 635 1013 et
680 970 773 1014 ex
820 950 975 1032 ipso
1018 970 1186 1015 vero
1223 953 1521 1035 cogitat,
1556 971 1694 1016 non
1733 953 1923 1018 videt
1969 954 2174 1018 aliter
2209 976 2414 1039 quam
2461 958 2645 1040 quod
2690 956 2806 1041 qui

559 1044 739 1109 bene
771 1046 960 1121 vivit,
995 1046 1064 1110 in
1096 1046 1362 1111 caelum
1394 1049 1651 1125 veniat,
1687 1059 1760 1112 et
1795 1050 1908 1133 qui
1940 1049 2122 1113 male
2151 1050 2222 1113 in
2255 1051 2610 1117 infernum.
2699 1055 2806 1120 At

561 1159 727 1204 vero
759 1142 870 1224 qui
908 1142 977 1205 in
1014 1141 1202 1205 malo
1233 1151 1365 1217 est,
1400 1142 1455 1206 is
1493 1162 1631 1207 non
1664 1146 1947 1209 credere
1983 1144 2157 1221 vult,
2183 1146 2368 1228 quod
2400 1158 2626 1213 status
2662 1148 2806 1231 ejus

560 1247 722 1318 post
754 1247 1052 1301 mortem
1084 1238 1174 1302 sit
1206 1238 1581 1302 secundum
1614 1240 1832 1303 vitam
1864 1239 2006 1321 ejus
2043 1242 2113 1304 in
2146 1242 2424 1318 mundo,
2459 1245 2582 1307 sed
2613 1246 2808 1326 cogi·

561 1339 693 1408 tat,
720 1333 906 1415 quod
938 1332 1015 1397 fit
1046 1333 1379 1415 imprimis
1409 1352 1565 1398 cum
1590 1344 1937 1415 aegrotat,
1963 1337 2149 1418 quod
2174 1336 2438 1400 caelum
2469 1338 2560 1403 sit
2591 1341 2807 1405 cuivis

560 1446 654 1490 ex
684 1447 852 1510 pura
883 1428 1371 1503 misericordia,
1402 1438 1748 1513 utcunque
1779 1430 2076 1507 vixerat,
2109 1440 2184 1495 et
2219 1433 2403 1515 quod
2433 1434 2528 1499 sit
2557 1454 2805 1499 secun-

559 1522 724 1585 dum
763 1522 989 1598 fidem,
1030 1544 1235 1607 quam
1273 1534 1551 1607 separat
1588 1546 1631 1595 a
1666 1526 1833 1591 vita.

686 1629 875 1701 471·
935 1618 1141 1701 Quod
1178 1618 1387 1683 homo
1424 1621 1802 1685 secundum
1831 1617 2014 1685 faeta
2048 1629 2124 1685 et
2161 1639 2371 1702 opera
2391 1619 2808 1702 judicabitur

560 1722 633 1776 et
673 1713 735 1775 ei
770 1714 1205 1790 retribuetur,
1244 1714 1481 1777 multis
1517 1716 1589 1779 in
1624 1714 1796 1779 locis
1831 1716 1902 1779 in
1940 1713 2178 1781 Verbo
2214 1714 2481 1792 dicitur,
2521 1738 2804 1800 quorum

562 1807 789 1891 aliqua
825 1808 932 1871 hic
966 1810 1309 1873 adducere
1348 1810 1601 1879 velim:

663 1954 693 1977 ‘¹
713 1950 1008 2004 venturus.
1029 1962 1136 2004 ‚est
1162 1952 1327 2004 Filius
1350 1954 1587 2005 hominia
1614 1950 1670 2004 in
1700 1954 1875 2017 gloria
1900 1954 2076 2005 Patris
2104 1954 2187 2004 sui
2213 1968 2337 2003 cum
2361 1955 2570 2019 angelis
2591 1958 2722 2017 auis.
2745 1964 2806 2009 et

825 2030 951 2069 tunc
974 2020 1161 2070 reddet
1183 2022 1468 2085 unicuique
1490 2020 1789 2071 seeundum
1818 2034 1990 2083 opera
2011 2036 2111 2071 aua
2125 2019 2155 2041 ”
2178 2018 2402 2085 (Mattk.
2427 2021 2533 2072 xvi.
2563 2019 2735 2085 ῑ“127);

663 2086 693 2109 “
709 2083 863 2135 Beati
891 2086 1103 2147 mortui,
1127 2087 1217 2148 qui
1246 2088 1301 2135 in
1330 2086 1567 2135 Domino
1592 2086 1918 2137 moriuntur.
1939 2122 1952 2137 .
1980 2100 1992 2145 ;
2022 2086 2188 2139 immo
2211 2087 2342 2137 dicit
2364 2086 2608 2149 Spiritu&
2633 2098 2694 2138 ut
2721 2102 2804 2139 re·

824 2150 1102 2255 quiesuclant
1125 2166 1194 2200 ex
1216 2152 1489 2201 laboribus
1508 2152 1639 2211 suis,
1651 2190 1664 2201 .
1684 2164 1876 2215 .opera
1894 2150 2108 2200 illorum
2127 2162 2425 2215 sequuntur
2442 2154 2565 2202 illos
2579 2150 2611 2173 ⁸·
2623 2152 2800 2219 (Aper.

825 2230 933 2267 xiv.
1017 2230 1077 2277 13
1099 2254 1113 2266 .

664 2282 693 2303 ⁸⁸
712 2280 827 2343 Ego
845 2282 986 2331 dabo
1009 2216 1295 2347 unicuique
1318 2283 1615 2333 secundum
1641 2296 1810 2346 opera
1831 2296 1934 2333 sua
1943 2280 1974 2303 ”
1997 2281 2171 2347 (Apoc.
2195 2284 2250 2334 ii.
2273 2282 2375 2347 23).

663 2347 832 2397 “Vidi
861 2356 1105 2397 mortuos
1133 2363 1331 2411 parvos
1366 2358 1421 2397 et
1466 2363 1697 2413 magnos
1726 2357 1934 2397 stantes
1963 2362 2146 2397 coram
2183 2348 2338 2408 Deo:
2384 2356 2440 2398 et
2474 2348 2595 2408 iibri
2628 2351 2801 2412 aperti

824 2421 983 2463 sunt:
1020 2422 1075 2463 et
1098 2414 1319 2476 judicati
1342 2423 1469 2463 sunt
1488 2414 1687 2464 mortui
1704 2413 1858 2476 juxta
1879 2428 1947 2462 ea
1972 2427 2110 2477 quae
2126 2416 2330 2477 scripta
2353 2415 2595 2475 inlibris,
2609 2430 2804 2467 secuu-

824 2478 954 2529 dum
979 2494 1147 2543 opera
1174 2480 1386 2529 illorum
1406 2497 1445 2530 ι.
1467 2480 1669 2530 ..dedit
1703 2493 1852 2529 mare
1885 2494 1983 2530 eos
2017 2479 2106 2542 qui
2153 2480 2210 2529 in
2244 2495 2312 2529 eo
2348 2482 2544 2529 mortui
2568 2489 2712 2541 sunt,
2735 2496 2802 2532 ae

826 2558 973 2595 mors
989 2554 1038 2595 ei
1058 2544 1299 2595 infernus
1320 2542 1639 2595 &dederunt
1657 2544 1782 2595 illos
1799 2544 1888 2607 qui
1912 2544 1968 2593 in
1994 2544 2090 2603 iis:
2125 2554 2178 2595 et
2197 2544 2417 2609 judicati
2435 2554 2564 2595 sunt
2577 2546 2801 2610 quilibet

825 2611 1118 2662 secundum
1148 2624 1315 2675 opera
1338 2610 1595 2662 illorum”
1622 2610 1695 2676 (Α
1785 2647 1798 2662 .
1822 2624 1910 2660 xx.
1937 2606 2067 2676 [xz]
2097 2622 2173 2672 13,
2203 2610 2300 2674 15).

663 2676 694 2698 ⁸‘
710 2675 845 2728 Eece
892 2678 1095 2755 venio3.
1115 2687 1195 2764 '‘ff-⁸
1232 2691 1441 2728 merces
1476 2693 1601 2757 mea
1646 2618 1884 2736 megum,
1911 2685 1972 2726 ut
2015 2678 2139 2726 dem
2175 2677 2464 2744 unicuique
2497 2678 2796 2730 secundun

663 2806 695 2828 ‘⁸
710 2744 1387 2872 Οωὲξῗῐῗιιῗέιὲῗιάὶξῗέι..
1406 2743 1667 2858 xvxgba2gt
1682 2806 1812 2856 facit
1829 2821 1910 2866 ea,
1923 2809 2250 2870 comparabo
2268 2807 2386 2857 viro
2401 2807 2691 2870 prudenti..
2711 2846 2724 2858 .
2743 2846 2757 2859 .
2776 2845 2792 2860 .

826 2884 882 2922 at
910 2875 1089 2924 omnis
1118 2875 1206 2938 qui
1241 2874 1391 2924 audit
1416 2875 1583 2924 verba
1610 2887 1754 2924 mea.
1775 2882 1855 2923 .et
1887 2887 2002 2924 non
2034 2871 2164 2924 facit
2195 2889 2278 2932 ea,
2305 2881 2652 2936 eomparatur
2679 2874 2802 2926 viro

826 2940 994 2988 stulto
1008 2938 1037 2958 '⁹
1060 2937 1277 3000 (Mattk.
1302 2940 1389 2989 vii.
1416 2951 1497 2998 24,
1521 2939 1620 3000 26).

666 3003 835 3054 “Non
871 3005 1052 3054 omnis
1080 3004 1266 3054 dicens
1296 3001 1447 3062 Mihi,
1476 3003 1729 3062 Do‘mine,
1756 3003 2006 3061 Domine,
2037 3003 2259 3053 intrabit
2287 3004 2340 3052 in
2372 3017 2596 3064 regnum
2624 3003 2802 3054 caelo·

826 3085 961 3128 rum,
990 3071 1086 3120 aed
1121 3069 1325 3119 faciens
1352 3071 1687 3119 voluntatem
1721 3067 1896 3118 Patris
1925 3068 2032 3118 mei
2065 3071 2160 3131 qui
2191 3079 2276 3120 est
2310 3069 2366 3118 in
2397 3069 2594 3120 caelis:
2643 3069 2800 3120 multi

826 3137 1007 3186 dicent
1038 3135 1171 3184 Mihi
1206 3136 1263 3184 in
1296 3135 1384 3186 die
1408 3135 1519 3194 iilo,
1546 3134 1798 3193 Domine,
1827 3133 2074 3193 Domine,
2096 3149 2279 3184 nonne
2303 3148 2400 3196 per
2423 3149 2622 3184 nomen
2648 3143 2800 3186 tuum

828 3200 1281 3264 prophetavimus.
1306 3210 1362 3250 et
1394 3215 1492 3264 per
1518 3215 1720 3250 nomen
1745 3209 1895 3249 tuum
1921 3199 2212 3248 daemonia
2233 3199 2508 3262 ejecimus,
2533 3209 2588 3248 et
2617 3196 2670 3248 in
2703 3213 2802 3249 no-

826 3267 973 3316 mine
1006 3276 1099 3316 tuo
1134 3266 1361 3316 virtutes
1386 3268 1585 3316 multas
1608 3266 1868 3316 fecimus?
1909 3266 2008 3314 ned
2043 3275 2171 3314 tunc
2194 3265 2494 3314 confitebor
2525 3265 2648 3322 iliis.
2674 3263 2800 3314 Non

826 3333 953 3458 no)vi
978 3347 1093 3392 vos,
1110 3332 1373 3382 discedite
1396 3348 1427 3382 e
1452 3332 1561 3390 Me,
1580 3333 1814 3396 operarii
1838 3331 2139 3396 iniquitatis
2154 3329 2182 3350 ’⁹
2199 3329 2417 3392 (Mami.
2443 3331 2533 3381 vii.
2559 3326 2692 3396 [2ι,]
2717 3342 2800 3390 aa,

825 3409 889 3460 23
910 3434 924 3447 .

664 3467 693 3487 “
708 3463 863 3513 Tune
888 3463 1157 3526 incipietis
1180 3463 1373 3522 dicere,
1398 3463 1609 3512 edimus
1632 3475 1814 3511 coram
1841 3461 1922 3510 Te
1944 3471 2000 3510 et
2025 3461 2276 3518 bibimus,
2301 3460 2356 3510 in
2381 3459 2572 3522 plateis
2597 3462 2802 3512 nostri·

822 3529 1051 3580 docuisti
1070 3543 1083 3590 ς
1119 3530 1215 3580 aed
1238 3529 1392 3587 dicet,
1414 3529 1549 3578 Dico
1568 3527 1740 3587 vobis,
1761 3525 1886 3576 Non
1913 3527 2042 3576 novi
2060 3541 2184 3576 vos.
2204 3563 2218 3576 .
2235 3562 2249 3576 .
2269 3527 2524 3590 ‚operarii
2551 3527 2802 3590 iniquita·

824 3595 895 3644 tis
913 3593 941 3614 ’'
964 3595 1110 3654 (Lm.
1135 3595 1245 3643 xiii.
1275 3593 1474 3654 25-27).

661 3664 691 3685 ‘¹
715 3661 1023 3712 Retribuam
1050 3659 1155 3710 illia
1178 3660 1331 3723 juxta
1353 3673 1490 3722 opus
1516 3657 1746 3716 illorum,
1771 3666 1828 3707 et
1849 3656 2004 3720 juxta
2026 3653 2228 3706 facium
2251 3669 2510 3705 manuum
2538 3655 2752 3706 illorum
2769 3656 2800 3677 ‘⁸

854 3727 1036 3790 Jerem.
1059 3741 1183 3775 xxv.
1212 3737 1235 3773 1
1295 3761 1308 3774 .

658 3725 923 3856 Jeboxffah,
944 3793 974 3815 ‘⁸
992 3790 1147 3853 cujus
1170 3725 1310 3839 ocssii
1327 3788 1501 3851 aperti
1524 3797 1653 3838 eunt
1670 3801 1838 3850 super
1850 3801 2042 3836 omnes
2057 3787 2174 3836 vias
2192 3786 2446 3844 hominis,
2465 3785 2534 3835 ad
2557 3785 2796 3837 dandum

823 3857 993 3905 cuivis
1028 3855 1323 3906 secundum
1358 3855 1475 3903 vias
1511 3853 1646 3916 ejus,
1680 3861 1738 3903 et
1780 3852 2076 3903 secundum
2112 3849 2346 3902 frustum
2375 3866 2600 3915 operum
2634 3851 2798 3916 ejus-’⁶

823 3921 1041 3986 (Jerem.
1066 3920 1229 3970 xxxii.
1257 3923 1351 3982 19).

660 3989 691 4009 ‘⁸
704 3985 950 4037 visitabo
978 4000 1163 4049 super.
1184 3987 1323 4036 arias
1348 3984 1483 4047 ejus,
1505 3993 1563 4033 et
1584 3997 1753 4047 opera
1777 3983 1898 4048 ejus
1921 3984 2211 4032 retribuam
2230 3983 2308 4032 illi
2324 3981 2358 4004 '⁹
2379 3979 2585 4041 (Hm-k.
2605 3982 2674 4033 iv.
2697 3983 2766 4046 9).

662 4051 975 4116 “Jehovab.
996 4089 1009 4102 .
1028 4052 1205 4116 ,juxta
1232 4051 1349 4100 vias
1378 4059 1611 4109 nostras,
1640 4058 1698 4099 et
1717 4049 1872 4112 iuxta
1897 4062 2066 4112 opera
2093 4059 2283 4098 nostra
2309 4049 2438 4098 iacit
2466 4049 2751 4098 nobiscum
2770 4047 2802 4066 ’'

560 4277 699 4341 Ubi
739 4275 1076 4338 Dominus
1121 4274 1208 4337 de
1254 4272 1499 4338 ultimo
1538 4269 1792 4354 judicio
1837 4269 2194 4353 praedicit,
2235 4289 2373 4333 non
2422 4269 2550 4332 nisi
2595 4289 2800 4352 quam

562 4391 773 4454 opera
810 4379 1149 4444 recenset,
1190 4378 1262 4433 et
1301 4369 1485 4452 quod
1520 4368 1881 4431 intrabunt
1929 4367 1998 4428 in
2044 4366 2262 4429 vitam
2300 4375 2654 4428 aeternam
2686 4365 2802 4446 qui

560 4469 745 4530 bona
788 4485 998 4546 opera
1034 4465 1363 4540 fecerunt,
1404 4474 1479 4528 et
1520 4463 1591 4528 in
1626 4463 2150 4527 damnationem
2185 4461 2298 4543 qui
2346 4459 2530 4524 mala
2565 4479 2798 4542 opera,

560 4559 811 4624 Mattle.
845 4580 1015 4624 xxv.
1053 4559 1299 4641 32-46;
1360 4569 1634 4642 praeter
1664 4559 1734 4622 in
1781 4555 2016 4620 multis
2061 4555 2210 4618 aliis
2259 4554 2451 4628 locis,
2491 4553 2606 4619 ubi
2651 4554 2799 4635 agi-

563 4666 673 4720 tur
717 4657 803 4721 de
850 4655 1237 4720 salvatione
1289 4665 1363 4720 et
1421 4655 1509 4718 de
1561 4653 2143 4719 condemnatione
2186 4648 2502 4716 hominis.
2595 4647 2801 4730 Quod
