3371 5304
590 593 1113 659 UNUSQUISQUE
1142 592 1367 643 HOMO
1395 592 1530 643 EST
1557 592 1894 645 SPIRITUS
1919 592 2180 657 QUOAD
2207 594 2656 647 INTERIORA.
2707 599 2824 665 271

582 762 649 825 in
700 761 993 825 eandem
1039 762 1451 827 societatem
1498 762 1710 827 etiam
1771 772 1932 843 post
1979 773 2276 829 mortem
2322 764 2580 829 veniat.
2672 765 2828 831 Hoc

582 860 859 941 saepius
890 855 1149 921 dietum
1184 865 1261 921 et
1296 868 1654 921 ostensum
1693 868 1803 922 est
1841 857 1996 933 illis,
2037 860 2151 941 qui
2191 870 2351 940 post
2389 871 2688 925 mortem
2725 860 2827 923 in·

581 964 688 1018 ter
726 954 1001 1036 spiritus
1036 960 1397 1017 venerunt.
1490 950 1647 1017 Non
1695 953 1968 1035 quidem
2011 964 2300 1036 apparet
2339 954 2550 1019 homo
2594 957 2664 1019 in
2712 956 2830 1019 illa

581 1051 919 1113 societate
964 1056 1041 1111 ut
1085 1048 1383 1129 spiritus„
1422 1064 1581 1111 cum
1625 1048 1798 1111 vivit
1843 1048 1912 1111 in
1961 1049 2239 1124 mundo,
2281 1068 2372 1111 ex
2421 1069 2627 1113 causa
2670 1051 2828 1132 quia

580 1152 745 1208 tunc
792 1141 1202 1206 naturaliter
1244 1143 1557 1224 cogitat3
1618 1142 1731 1224 qui
1778 1151 2012 1207 autem
2057 1142 2408 1209 abstra6te
2451 1165 2494 1207 a
2539 1164 2827 1227 corpore

580 1238 918 1320 cogitant,
953 1237 1109 1321 quia
1148 1246 1311 1301 tunc
1352 1237 1421 1299 in
1459 1236 1723 1319 spiritu,
1763 1236 1861 1300 illi
1899 1238 2310 1321 quandoque
2347 1240 2416 1301 in
2453 1259 2578 1303 sua
2606 1240 2825 1303 socie·

578 1342 729 1398 tate
760 1340 1117 1416 apparent,
1152 1340 1223 1395 et
1258 1348 1413 1395 cum
1444 1342 1809 1413 apparent,
1843 1332 2340 1414 dignoscuntur
2371 1334 2584 1416 probe
2613 1355 2655 1397 a
2684 1334 2824 1417 spi-

578 1429 821 1494 ritibus
865 1430 978 1512 qui
1022 1429 1115 1491 ibi
1159 1436 1343 1503 sunt,
1382 1428 1650 1491 vadunt
1695 1429 1878 1491 enim
1926 1427 2426 1505 meditabundi,
2465 1430 2824 1495 obmutes-

578 1534 766 1599 cunt,
806 1543 933 1587 nec
973 1521 1293 1605 speetant
1336 1522 1427 1585 ad
1473 1520 1667 1599 alioS,
1708 1532 1870 1588 sunt
1909 1524 2085 1587 sicut
2121 1542 2262 1587 non
2296 1524 2583 1587 videant
2619 1524 2822 1603 illos;

577 1638 657 1683 ac
697 1629 771 1683 ut
806 1621 1095 1702 primum
1127 1618 1371 1700 aliquis
1409 1618 1690 1700 spiritus
1717 1618 1876 1681 illos
1907 1618 2300 1701 alloquitur,
2335 1628 2779 1684 evanescunt.

698 1730 907 1800 439·
968 1714 1067 1778 Ut
1128 1714 1515 1777 illustretur
1556 1713 1742 1796 quod
1797 1714 2010 1778 homo
2053 1714 2282 1796 quoad
2325 1716 2658 1779 interiora
2700 1736 2822 1779 sua

576 1809 663 1873 sit
696 1810 997 1891 spirituS,
1031 1809 1237 1873 velim
1276 1809 1365 1871 ab
1396 1808 2134 1889 experientia-referre,
2167 1810 2516 1892 quomodo
2551 1809 2629 1873 fit
2664 1827 2819 1874 cum

574 1903 785 1967 homo
830 1904 1190 1967 abducitur
1227 1924 1269 1966 a
1314 1923 1622 1986 corpore,
1662 1913 1736 1967 et
1787 1905 2136 1986 quomodo
2174 1923 2330 1968 cum
2375 1924 2418 1967 a
2463 1904 2706 1986 spiritu
2746 1905 2818 1968 in

575 1999 783 2063 alium
821 1999 1047 2062 locum
1084 1997 1406 2062 aufertur.

697 2108 908 2178 440.
968 2090 1172 2173 Quod
1210 2093 1501 2175 primum
1539 2092 1819 2168 attinet,
1854 2111 2103 2174 nempe
2139 2092 2386 2157 abduci
2429 2114 2472 2157 a
2507 2111 2816 2175 corpore,

572 2188 702 2250 hoc
744 2188 842 2249 ita
884 2206 959 2251 se
1005 2186 1259 2276 habet:
1318 2186 1553 2249 Homo
1597 2187 1992 2269 perducitur
2035 2188 2107 2251 in
2149 2197 2410 2251 statum
2447 2188 2813 2270 quendam,

574 2284 685 2365 qui
718 2282 977 2344 medius
1010 2290 1116 2345 est
1151 2282 1332 2345 inter
1362 2300 1679 2345 somnum
1712 2292 1786 2345 et
1816 2282 2144 2363 vigiliam,
2172 2283 2240 2345 in
2271 2301 2408 2365 quo
2439 2292 2630 2347 statu
2661 2301 2814 2347 cum

571 2386 700 2452 est,
750 2396 886 2439 non
934 2376 1136 2439 aliter
1180 2377 1351 2439 scire
1396 2384 1633 2457 potest
1676 2395 1882 2459 quam
1930 2378 2113 2459 quod
2161 2396 2436 2459 prorsus
2480 2376 2646 2459 vigil
2699 2378 2812 2453 sit,

573 2491 810 2536 omnes
856 2492 1095 2535 sensus
1142 2480 1286 2535 tam
1333 2470 1579 2553 vigiles
1624 2482 1786 2535 sunt
1845 2472 2024 2536 sicut
2079 2473 2150 2535 in
2207 2491 2476 2535 summa
2511 2474 2815 2555 corporis

571 2567 825 2650 vigilia,
866 2576 1011 2631 tam
1049 2568 1231 2629 visus
1269 2586 1473 2649 quam
1511 2567 1810 2643 audituS,
1848 2576 1922 2631 et
1967 2569 2153 2650 quod
2189 2568 2520 2645 mirabile,
2561 2564 2810 2645 taetus,

572 2665 681 2746 qui
720 2673 885 2727 tunc
924 2663 1333 2746 exquisitior
1368 2673 1477 2730 est
1514 2682 1720 2746 quam
1753 2682 2038 2746 usquam
2074 2664 2222 2728 dari
2258 2673 2496 2747 potest
2531 2665 2602 2728 in
2637 2667 2810 2748 vigi·

571 2759 661 2822 lia
697 2759 1042 2840 corporis:
1107 2759 1173 2820 in
1220 2778 1357 2841 quo
1394 2768 1584 2822 statu
1622 2759 1834 2822 etiam
1880 2759 2003 2821 visi
2049 2768 2210 2824 sunt
2248 2760 2526 2840 spiritus
2571 2769 2642 2823 et
2688 2779 2812 2823 an·-

570 2853 707 2935 geli
746 2873 1021 2936 prorsus
1058 2853 1147 2915 ad
1184 2854 1439 2929 vivum,
1472 2854 1683 2918 etiam
1717 2854 1952 2928 auditi,
1987 2864 2060 2918 et
2096 2855 2279 2937 quod
2317 2854 2583 2929 mirum,
2618 2851 2807 2931 taeti,

567 2957 636 3012 et
672 2958 836 3012 tunc
860 2947 998 3011 fere
1031 2947 1198 3010 nihil
1222 2949 1524 3031 corporis
1548 2948 1897 3012 intererat.
1981 2947 2114 3012 Hie
2141 2958 2367 3014 status
2397 2959 2528 3024 est,
2557 2948 2643 3012 de
2676 2968 2810 3031 quo

568 3043 836 3118 dicitur,
864 3041 1109 3105 abduci
1132 3061 1175 3106 a
1204 3053 1492 3123 corpore,
1521 3051 1594 3106 et
1627 3043 1877 3105 nescire
1899 3063 2054 3106 num
2084 3043 2159 3107 in
2187 3054 2458 3124 corpore
2478 3042 2590 3106 vel
2611 3053 2810 3106 extra

564 3149 800 3219 corpus
832 3137 941 3200 sit.
1032 3135 1113 3200 In
1151 3136 1328 3201 hune
1362 3147 1625 3203 statum
1656 3138 1868 3201 modo
1901 3147 2008 3202 ter
2043 3149 2160 3202 aut
2194 3149 2437 3221 quater
2465 3140 2808 3202 immissus

565 3252 735 3306 sum,
776 3242 852 3296 ut
890 3232 1099 3295 modo
1137 3233 1382 3296 scirem
1419 3232 1641 3315 qualis
1683 3241 1816 3308 est,
1851 3241 1923 3297 et
1961 3231 2160 3296 simul
2198 3233 2383 3316 quod
2419 3235 2697 3316 spiritus
2733 3241 2808 3298 et

563 3328 793 3409 angeli
830 3328 1016 3391 omni
1052 3346 1256 3390 sensu
1294 3328 1641 3408 gaudeant
1671 3348 1688 3405 ;
1736 3328 1944 3392 etiam
1985 3327 2194 3392 homo
2229 3330 2454 3411 quoad
2492 3329 2804 3411 spiritum

564 3422 837 3505 quando
875 3419 1209 3485 abdue'tus
1245 3431 1354 3486 est
1390 3441 1433 3486 a
1465 3441 1772 3504 corpore.

688 3531 883 3600 441·
944 3515 1150 3598 Quod
1196 3518 1493 3582 alterum
1530 3519 1809 3592 attinet,
1850 3537 1892 3580 a
1935 3517 2174 3599 spiritu
2220 3519 2288 3581 in
2334 3519 2540 3582 alium
2579 3517 2803 3582 locum

564 3613 827 3686 auferri,
866 3621 1225 3675 ostensum
1271 3621 1382 3676 est
1428 3611 1595 3676 mihi
1638 3632 1763 3694 per
1805 3613 2030 3676 vivam
2079 3614 2602 3694 experientiam,
2642 3614 2801 3695 quid

560 3708 674 3783 sit,
714 3716 787 3771 et
823 3708 1173 3789 quomodo
1210 3705 1307 3783 fit,
1347 3708 1471 3771 sed
1508 3707 1638 3772 hoc
1679 3706 1901 3770 solum
1937 3707 2042 3771 bis
2079 3717 2154 3772 et
2198 3717 2351 3787 ter;
2416 3708 2636 3773 solam
2673 3729 2802 3772 ex-

562 3803 967 3885 perientiam
1004 3801 1209 3866 velim
1257 3801 1514 3866 afferre.
1607 3803 1736 3866 Per
1781 3803 2052 3883 plateas
2089 3803 2294 3879 urbis,
2335 3812 2408 3868 et
2455 3823 2576 3886 per
2613 3823 2800 3868 cam-

560 3897 819 3980 pestria
853 3896 1233 3971 ambulans,
1276 3906 1441 3960 tunc
1480 3917 1750 3980 quoque
1794 3898 1864 3960 in
1910 3897 2184 3980 loquela
2228 3918 2383 3963 cum
2423 3899 2798 3980 spiritibuS,

562 4011 699 4056 non
734 3992 937 4056 aliter
972 3994 1137 4056 scivi
1175 4012 1379 4076 quam
1416 3994 1599 4076 quod
1636 3995 1738 4059 ita
1772 3993 1940 4076 vigil
1973 4013 2200 4058 essem
2231 4005 2305 4059 et
2341 3995 2586 4060 videns
2621 3996 2798 4059 sicut

559 4087 707 4150 aliis
754 4089 1219 4169 temporibus;
1266 4089 1365 4152 ita
1400 4089 1761 4153 ambulans
1797 4090 2056 4172 absque
2094 4111 2360 4169 errore;
2416 4101 2489 4156 et
2533 4092 2799 4154 interea

559 4183 625 4247 in
683 4184 943 4247 visione
1004 4203 1213 4259 eram,
1272 4184 1514 4247 videns
1580 4184 1796 4258 lucoS,
1857 4185 2120 4260 fluvios,
2182 4185 2467 4269 palatia,
2527 4187 2794 4262 domuS,

558 4279 893 4352 homines,
928 4289 999 4343 et
1034 4279 1245 4362 plura.
1335 4278 1472 4344 Sed
1505 4289 1872 4363 postquam
1903 4281 2004 4345 ita
2039 4301 2159 4364 per
2189 4281 2393 4345 horas
2425 4281 2793 4358 ambulavi,

558 4375 789 4439 subito
824 4393 1011 4438 eram
1048 4376 1117 4438 in
1152 4377 1299 4439 visu
1337 4377 1665 4457 corporis,
1707 4385 1779 4439 et
1818 4376 2276 4442 animadverti
2313 4377 2495 4460 quod
2553 4377 2622 4440 in
2657 4377 2797 4441 alio

556 4470 713 4534 loco
756 4490 1020 4546 essem;
1081 4490 1217 4554 quo
1262 4469 1779 4554 obstupesastus
1824 4470 2028 4536 valde
2073 4473 2436 4555 appercepi
2483 4473 2666 4556 quod
2723 4472 2792 4537 in

556 4566 676 4630 tali
730 4576 921 4632 statu
959 4566 1218 4642 fuerim,
1259 4567 1327 4630 in
1384 4587 1521 4651 quo
1559 4567 1677 4644 illi,
1719 4568 1807 4631 de
1864 4569 2108 4651 quibus
2141 4568 2412 4646 dicitur,
2452 4569 2636 4653 quod
2671 4569 2792 4634 ab·
