<?xml version="1.0" encoding="UTF-8"?>
<!DOCTYPE html PUBLIC "-//W3C//DTD XHTML 1.0 Transitional//EN"
    "http://www.w3.org/TR/xhtml1/DTD/xhtml1-transitional.dtd">
<html xmlns="http://www.w3.org/1999/xhtml" xml:lang="en" lang="en">
 <head>
  <title>
</title>
<meta http-equiv="Content-Type" content="text/html;charset=utf-8" />
  <meta name='ocr-system' content='tesseract 3.04.00' />
  <meta name='ocr-capabilities' content='ocr_page ocr_carea ocr_par ocr_line ocrx_word'/>
</head>
<body>
  <div class='ocr_page' id='page_1' title='image "./exauditisetvisi00swedgoog_0026.png"; bbox 0 0 3371 5304; ppageno 0'>
   <div class='ocr_carea' id='block_1_1' title="bbox 579 589 2185 644">
    <p class='ocr_par' dir='ltr' id='par_1_1' title="bbox 579 589 2185 644">
     <span class='ocr_line' id='line_1_1' title="bbox 579 589 2185 644; baseline 0 -2"><span class='ocrx_word' id='word_1_1' title='bbox 579 593 664 642; x_wconf 89' lang='lat'>20</span> <span class='ocrx_word' id='word_1_2' title='bbox 1229 591 1329 643; x_wconf 85' lang='lat' dir='ltr'>DE</span> <span class='ocrx_word' id='word_1_3' title='bbox 1375 589 1630 643; x_wconf 66' lang='lat' dir='ltr'>ent-:Lo</span> <span class='ocrx_word' id='word_1_4' title='bbox 1677 590 1774 643; x_wconf 78' lang='grc' dir='ltr'>ΕΤ</span> <span class='ocrx_word' id='word_1_5' title='bbox 1818 589 2185 644; x_wconf 73' lang='lat' dir='ltr'>mFE&#39;RNo.</span> 
     </span>
    </p>
   </div>
   <div class='ocr_carea' id='block_1_2' title="bbox 502 769 2824 3707">
    <p class='ocr_par' dir='ltr' id='par_1_2' title="bbox 502 769 2822 1143">
     <span class='ocr_line' id='line_1_2' title="bbox 502 769 2821 858; baseline 0.001 -20"><span class='ocrx_word' id='word_1_6' title='bbox 502 827 528 849; x_wconf 83' lang='lat'><strong>.</strong></span> <span class='ocrx_word' id='word_1_7' title='bbox 573 771 770 838; x_wconf 80' lang='lat' dir='ltr'>faciei</span> <span class='ocrx_word' id='word_1_8' title='bbox 815 772 1125 838; x_wconf 87' lang='lat' dir='ltr'>illorum:</span> <span class='ocrx_word' id='word_1_9' title='bbox 1187 791 1424 836; x_wconf 86' lang='lat' dir='ltr'>verum</span> <span class='ocrx_word' id='word_1_10' title='bbox 1472 793 1608 838; x_wconf 89' lang='lat' dir='ltr'>non</span> <span class='ocrx_word' id='word_1_11' title='bbox 1655 784 1817 838; x_wconf 89' lang='lat' dir='ltr'>sunt</span> <span class='ocrx_word' id='word_1_12' title='bbox 1855 773 2087 857; x_wconf 80' lang='lat' dir='ltr'>angeli</span> <span class='ocrx_word' id='word_1_13' title='bbox 2128 775 2245 858; x_wconf 86' lang='lat' dir='ltr'>qui</span> <span class='ocrx_word' id='word_1_14' title='bbox 2290 792 2365 838; x_wconf 88' lang='lat' dir='ltr'>se</span> <span class='ocrx_word' id='word_1_15' title='bbox 2408 772 2688 840; x_wconf 85' lang='lat' dir='ltr'>vertunt</span> <span class='ocrx_word' id='word_1_16' title='bbox 2734 769 2821 841; x_wconf 79' lang='lat' dir='ltr'>ad</span> 
     </span>
     <span class='ocr_line' id='line_1_3' title="bbox 578 865 2822 953; baseline 0.002 -21"><span class='ocrx_word' id='word_1_17' title='bbox 578 865 976 945; x_wconf 88' lang='lat' dir='ltr'>Dominum,</span> <span class='ocrx_word' id='word_1_18' title='bbox 1018 869 1143 933; x_wconf 89' lang='lat' dir='ltr'>sed</span> <span class='ocrx_word' id='word_1_19' title='bbox 1183 867 1520 933; x_wconf 77' lang='lat' dir='ltr'>Dominus</span> <span class='ocrx_word' id='word_1_20' title='bbox 1555 869 1670 952; x_wconf 86' lang='lat' dir='ltr'>qui</span> <span class='ocrx_word' id='word_1_21' title='bbox 1706 870 1919 934; x_wconf 86' lang='lat' dir='ltr'>vertit</span> <span class='ocrx_word' id='word_1_22' title='bbox 1956 870 2113 934; x_wconf 88' lang='lat' dir='ltr'>illos</span> <span class='ocrx_word' id='word_1_23' title='bbox 2150 871 2237 933; x_wconf 86' lang='lat' dir='ltr'>ad</span> <span class='ocrx_word' id='word_1_24' title='bbox 2284 869 2396 946; x_wconf 88' lang='lat' dir='ltr'>Se,</span> <span class='ocrx_word' id='word_1_25' title='bbox 2437 873 2549 953; x_wconf 90' lang='lat' dir='ltr'>qui</span> <span class='ocrx_word' id='word_1_26' title='bbox 2586 881 2822 937; x_wconf 78' lang='lat' dir='ltr'>ama-nt</span> 
     </span>
     <span class='ocr_line' id='line_1_4' title="bbox 575 959 2820 1051; baseline 0.001 -23"><span class='ocrx_word' id='word_1_27' title='bbox 575 959 797 1030; x_wconf 75' lang='lat' dir='ltr'>facere</span> <span class='ocrx_word' id='word_1_28' title='bbox 835 964 955 1029; x_wconf 90' lang='lat' dir='ltr'>illa</span> <span class='ocrx_word' id='word_1_29' title='bbox 991 985 1164 1049; x_wconf 91' lang='lat' dir='ltr'>quae</span> <span class='ocrx_word' id='word_1_30' title='bbox 1200 965 1290 1028; x_wconf 90' lang='lat' dir='ltr'>ab</span> <span class='ocrx_word' id='word_1_31' title='bbox 1327 961 1593 1048; x_wconf 55' lang='lat' dir='ltr'>Ipsam)</span> <span class='ocrx_word' id='word_1_32' title='bbox 1681 963 1821 1030; x_wconf 87' lang='lat' dir='ltr'>Sed</span> <span class='ocrx_word' id='word_1_33' title='bbox 1860 968 1949 1031; x_wconf 90' lang='lat' dir='ltr'>de</span> <span class='ocrx_word' id='word_1_34' title='bbox 1990 965 2096 1029; x_wconf 87' lang='lat' dir='ltr'>his</span> <span class='ocrx_word' id='word_1_35' title='bbox 2134 965 2331 1049; x_wconf 87' lang='lat' dir='ltr'>plura</span> <span class='ocrx_word' id='word_1_36' title='bbox 2367 967 2436 1030; x_wconf 90' lang='lat' dir='ltr'>in</span> <span class='ocrx_word' id='word_1_37' title='bbox 2473 969 2820 1051; x_wconf 87' lang='lat' dir='ltr'>sequenti·</span> 
     </span>
     <span class='ocr_line' id='line_1_5' title="bbox 577 1059 1833 1143; baseline 0.002 -21"><span class='ocrx_word' id='word_1_38' title='bbox 577 1059 727 1135; x_wconf 88' lang='lat' dir='ltr'>bus,</span> <span class='ocrx_word' id='word_1_39' title='bbox 767 1060 881 1123; x_wconf 91' lang='lat' dir='ltr'>ubi</span> <span class='ocrx_word' id='word_1_40' title='bbox 913 1059 999 1124; x_wconf 91' lang='lat' dir='ltr'>de</span> <span class='ocrx_word' id='word_1_41' title='bbox 1039 1059 1268 1143; x_wconf 86' lang='lat' dir='ltr'>Plagis</span> <span class='ocrx_word' id='word_1_42' title='bbox 1305 1061 1373 1124; x_wconf 91' lang='lat' dir='ltr'>in</span> <span class='ocrx_word' id='word_1_43' title='bbox 1411 1060 1633 1125; x_wconf 87' lang='lat' dir='ltr'>altera</span> <span class='ocrx_word' id='word_1_44' title='bbox 1669 1061 1833 1125; x_wconf 87' lang='lat' dir='ltr'>vita.</span> 
     </span>
    </p>

    <p class='ocr_par' dir='ltr' id='par_1_3' title="bbox 572 1142 2824 3707">
     <span class='ocr_line' id='line_1_6' title="bbox 707 1142 2824 1242; baseline 0.002 -23"><span class='ocrx_word' id='word_1_45' title='bbox 707 1155 842 1221; x_wconf 80' lang='lat'>18.</span> <span class='ocrx_word' id='word_1_46' title='bbox 903 1152 1108 1236; x_wconf 85' lang='lat' dir='ltr'>Quod</span> <span class='ocrx_word' id='word_1_47' title='bbox 1148 1155 1469 1219; x_wconf 86' lang='lat' dir='ltr'>Divinum</span> <span class='ocrx_word' id='word_1_48' title='bbox 1504 1142 1782 1220; x_wconf 68' lang='lat' dir='ltr'>D&#39;omini</span> <span class='ocrx_word' id='word_1_49' title='bbox 1820 1157 1884 1219; x_wconf 91' lang='lat' dir='ltr'>in</span> <span class='ocrx_word' id='word_1_50' title='bbox 1918 1155 2114 1221; x_wconf 92' lang='lat' dir='ltr'>caelo</span> <span class='ocrx_word' id='word_1_51' title='bbox 2150 1157 2240 1220; x_wconf 89' lang='lat' dir='ltr'>sit</span> <span class='ocrx_word' id='word_1_52' title='bbox 2278 1174 2492 1232; x_wconf 84' lang='lat' dir='ltr'>amor,</span> <span class='ocrx_word' id='word_1_53' title='bbox 2525 1166 2636 1222; x_wconf 88' lang='lat' dir='ltr'>est</span> <span class='ocrx_word' id='word_1_54' title='bbox 2666 1159 2824 1242; x_wconf 87' lang='lat' dir='ltr'>quia</span> 
     </span>
     <span class='ocr_line' id='line_1_7' title="bbox 577 1250 2819 1336; baseline 0.002 -22"><span class='ocrx_word' id='word_1_55' title='bbox 577 1269 772 1314; x_wconf 89' lang='lat' dir='ltr'>amor</span> <span class='ocrx_word' id='word_1_56' title='bbox 815 1259 922 1314; x_wconf 90' lang='lat' dir='ltr'>est</span> <span class='ocrx_word' id='word_1_57' title='bbox 967 1250 1478 1332; x_wconf 85' lang='lat' dir='ltr'><strong>receptaculum</strong></span> <span class='ocrx_word' id='word_1_58' title='bbox 1509 1251 1814 1314; x_wconf 87' lang='lat' dir='ltr'>omnium</span> <span class='ocrx_word' id='word_1_59' title='bbox 1859 1251 2055 1326; x_wconf 82' lang='lat' dir='ltr'>caeli,</span> <span class='ocrx_word' id='word_1_60' title='bbox 2096 1273 2272 1336; x_wconf 88' lang='lat' dir='ltr'>quae</span> <span class='ocrx_word' id='word_1_61' title='bbox 2306 1263 2469 1317; x_wconf 85' lang='lat' dir='ltr'>sunt</span> <span class='ocrx_word' id='word_1_62' title='bbox 2516 1273 2677 1336; x_wconf 82' lang='lat' dir='ltr'>pax,</span> <span class='ocrx_word' id='word_1_63' title='bbox 2716 1254 2819 1318; x_wconf 88' lang='lat' dir='ltr'>in·</span> 
     </span>
     <span class='ocr_line' id='line_1_8' title="bbox 575 1343 2823 1430; baseline 0.002 -23"><span class='ocrx_word' id='word_1_64' title='bbox 575 1343 986 1427; x_wconf 88' lang='lat' dir='ltr'>telligentia‚</span> <span class='ocrx_word' id='word_1_65' title='bbox 1011 1346 1370 1426; x_wconf 82' lang='lat' dir='ltr'>sapientia,</span> <span class='ocrx_word' id='word_1_66' title='bbox 1397 1360 1477 1409; x_wconf 87' lang='lat' dir='ltr'>ac</span> <span class='ocrx_word' id='word_1_67' title='bbox 1509 1344 1803 1409; x_wconf 85' lang='lat' dir='ltr'>felicitas</span> <span class='ocrx_word' id='word_1_68' title='bbox 1827 1366 1842 1425; x_wconf 90' lang='grc'><strong>;</strong></span> <span class='ocrx_word' id='word_1_69' title='bbox 1892 1365 2085 1410; x_wconf 87' lang='lat' dir='ltr'>amor</span> <span class='ocrx_word' id='word_1_70' title='bbox 2114 1347 2295 1410; x_wconf 85' lang='lat' dir='ltr'>enim</span> <span class='ocrx_word' id='word_1_71' title='bbox 2328 1348 2570 1430; x_wconf 80' lang='lat' dir='ltr'>recipit</span> <span class='ocrx_word' id='word_1_72' title='bbox 2595 1350 2823 1412; x_wconf 88' lang='lat' dir='ltr'>omnia</span> 
     </span>
     <span class='ocr_line' id='line_1_9' title="bbox 576 1438 2820 1525; baseline 0.002 -22"><span class='ocrx_word' id='word_1_73' title='bbox 576 1451 647 1503; x_wconf 92' lang='lat' dir='ltr'>et</span> <span class='ocrx_word' id='word_1_74' title='bbox 681 1438 950 1523; x_wconf 88' lang='lat' dir='ltr'>singula</span> <span class='ocrx_word' id='word_1_75' title='bbox 979 1460 1153 1522; x_wconf 90' lang='lat' dir='ltr'>quae</span> <span class='ocrx_word' id='word_1_76' title='bbox 1185 1440 1312 1504; x_wconf 88' lang='lat' dir='ltr'>sibi</span> <span class='ocrx_word' id='word_1_77' title='bbox 1344 1441 1785 1516; x_wconf 89' lang='lat' dir='ltr'>conveniunt,</span> <span class='ocrx_word' id='word_1_78' title='bbox 1822 1440 2168 1506; x_wconf 87' lang='lat' dir='ltr'>desiderat</span> <span class='ocrx_word' id='word_1_79' title='bbox 2200 1440 2339 1517; x_wconf 89' lang='lat' dir='ltr'>illa,</span> <span class='ocrx_word' id='word_1_80' title='bbox 2373 1443 2650 1525; x_wconf 85' lang='lat' dir='ltr'>inquirit</span> <span class='ocrx_word' id='word_1_81' title='bbox 2682 1442 2820 1519; x_wconf 88' lang='lat' dir='ltr'>illa,</span> 
     </span>
     <span class='ocr_line' id='line_1_10' title="bbox 577 1534 2821 1620; baseline 0.002 -23"><span class='ocrx_word' id='word_1_82' title='bbox 577 1534 818 1598; x_wconf 87' lang='lat' dir='ltr'>imbuit</span> <span class='ocrx_word' id='word_1_83' title='bbox 856 1535 974 1599; x_wconf 90' lang='lat' dir='ltr'>illa</span> <span class='ocrx_word' id='word_1_84' title='bbox 1001 1535 1181 1599; x_wconf 88' lang='lat' dir='ltr'>sicut</span> <span class='ocrx_word' id='word_1_85' title='bbox 1218 1555 1342 1601; x_wconf 85' lang='lat' dir='ltr'>sua</span> <span class='ocrx_word' id='word_1_86' title='bbox 1371 1545 1643 1618; x_wconf 86' lang='lat' dir='ltr'>sponte,</span> <span class='ocrx_word' id='word_1_87' title='bbox 1674 1555 1834 1600; x_wconf 90' lang='lat' dir='ltr'>nam</span> <span class='ocrx_word' id='word_1_88' title='bbox 1866 1535 2015 1600; x_wconf 90' lang='lat' dir='ltr'>vult</span> <span class='ocrx_word' id='word_1_89' title='bbox 2054 1537 2383 1601; x_wconf 89' lang='lat' dir='ltr'>continue</span> <span class='ocrx_word' id='word_1_90' title='bbox 2416 1537 2821 1620; x_wconf 90' lang='lat' dir='ltr'>locupletari</span> 
     </span>
     <span class='ocr_line' id='line_1_11' title="bbox 578 1625 2821 1713; baseline 0.001 -19"><span class='ocrx_word' id='word_1_91' title='bbox 578 1640 649 1694; x_wconf 90' lang='lat' dir='ltr'>et</span> <span class='ocrx_word' id='word_1_92' title='bbox 698 1628 928 1713; x_wconf 82' lang='lat' dir='ltr'>perfici</span> <span class='ocrx_word' id='word_1_93' title='bbox 977 1630 1066 1693; x_wconf 91' lang='lat' dir='ltr'>ab</span> <span class='ocrx_word' id='word_1_94' title='bbox 1110 1629 1244 1693; x_wconf 91' lang='lat' dir='ltr'>illis</span> <span class='ocrx_word' id='word_1_95' title='bbox 1273 1625 1375 1692; x_wconf 74' lang='lat'><strong>:(⁶⁶)</strong></span> <span class='ocrx_word' id='word_1_96' title='bbox 1423 1629 1605 1712; x_wconf 92' lang='lat' dir='ltr'>quod</span> <span class='ocrx_word' id='word_1_97' title='bbox 1652 1631 1861 1694; x_wconf 89' lang='lat' dir='ltr'>etiam</span> <span class='ocrx_word' id='word_1_98' title='bbox 1902 1640 2141 1694; x_wconf 92' lang='lat' dir='ltr'>notum</span> <span class='ocrx_word' id='word_1_99' title='bbox 2189 1643 2295 1694; x_wconf 88' lang='lat' dir='ltr'>est</span> <span class='ocrx_word' id='word_1_100' title='bbox 2341 1631 2621 1706; x_wconf 88' lang='lat' dir='ltr'>homini,</span> <span class='ocrx_word' id='word_1_101' title='bbox 2662 1651 2821 1697; x_wconf 90' lang='lat' dir='ltr'>nam</span> 
     </span>
     <span class='ocr_line' id='line_1_12' title="bbox 576 1724 2821 1807; baseline 0.001 -18"><span class='ocrx_word' id='word_1_102' title='bbox 576 1745 770 1790; x_wconf 82' lang='lat' dir='ltr'>amor</span> <span class='ocrx_word' id='word_1_103' title='bbox 804 1725 984 1806; x_wconf 88' lang='lat' dir='ltr'>apud</span> <span class='ocrx_word' id='word_1_104' title='bbox 1023 1724 1214 1788; x_wconf 89' lang='lat' dir='ltr'>illum</span> <span class='ocrx_word' id='word_1_105' title='bbox 1251 1725 1442 1807; x_wconf 88' lang='lat' dir='ltr'>quasi</span> <span class='ocrx_word' id='word_1_106' title='bbox 1479 1725 1755 1805; x_wconf 86' lang='lat' dir='ltr'>inspicit</span> <span class='ocrx_word' id='word_1_107' title='bbox 1793 1734 1866 1789; x_wconf 91' lang='lat' dir='ltr'>et</span> <span class='ocrx_word' id='word_1_108' title='bbox 1913 1725 2136 1789; x_wconf 86' lang='lat' dir='ltr'>haurit</span> <span class='ocrx_word' id='word_1_109' title='bbox 2181 1747 2272 1790; x_wconf 84' lang='lat' dir='ltr'>ex</span> <span class='ocrx_word' id='word_1_110' title='bbox 2320 1727 2521 1790; x_wconf 88' lang='lat' dir='ltr'>rebus</span> <span class='ocrx_word' id='word_1_111' title='bbox 2560 1743 2821 1792; x_wconf 82' lang='lat' dir='ltr'>memo-</span> 
     </span>
     <span class='ocr_line' id='line_1_13' title="bbox 573 1819 2821 1904; baseline 0 -20"><span class='ocrx_word' id='word_1_112' title='bbox 573 1822 714 1884; x_wconf 84' lang='lat' dir='ltr'>riae</span> <span class='ocrx_word' id='word_1_113' title='bbox 752 1819 892 1901; x_wconf 86' lang='lat' dir='ltr'>ejus</span> <span class='ocrx_word' id='word_1_114' title='bbox 927 1820 1161 1882; x_wconf 89' lang='lat' dir='ltr'>omnia</span> <span class='ocrx_word' id='word_1_115' title='bbox 1192 1839 1366 1901; x_wconf 89' lang='lat' dir='ltr'>quae</span> <span class='ocrx_word' id='word_1_116' title='bbox 1397 1820 1849 1895; x_wconf 85' lang='lat' dir='ltr'>concordant,</span> <span class='ocrx_word' id='word_1_117' title='bbox 1882 1839 1964 1883; x_wconf 94' lang='lat' dir='ltr'>ac</span> <span class='ocrx_word' id='word_1_118' title='bbox 2004 1819 2123 1883; x_wconf 89' lang='lat' dir='ltr'>illa</span> <span class='ocrx_word' id='word_1_119' title='bbox 2152 1820 2444 1903; x_wconf 84' lang='lat' dir='ltr'>colligit,</span> <span class='ocrx_word' id='word_1_120' title='bbox 2478 1831 2550 1885; x_wconf 92' lang='lat' dir='ltr'>et</span> <span class='ocrx_word' id='word_1_121' title='bbox 2588 1823 2821 1904; x_wconf 84' lang='lat' dir='ltr'>dispo·</span> 
     </span>
     <span class='ocr_line' id='line_1_14' title="bbox 573 1913 2822 1991; baseline 0.002 -13"><span class='ocrx_word' id='word_1_122' title='bbox 573 1916 681 1978; x_wconf 87' lang='lat' dir='ltr'>nit</span> <span class='ocrx_word' id='word_1_123' title='bbox 726 1915 794 1977; x_wconf 91' lang='lat' dir='ltr'>in</span> <span class='ocrx_word' id='word_1_124' title='bbox 855 1933 929 1977; x_wconf 90' lang='lat' dir='ltr'>se</span> <span class='ocrx_word' id='word_1_125' title='bbox 986 1923 1058 1978; x_wconf 89' lang='lat' dir='ltr'>et</span> <span class='ocrx_word' id='word_1_126' title='bbox 1105 1913 1232 1976; x_wconf 89' lang='lat' dir='ltr'>sub</span> <span class='ocrx_word' id='word_1_127' title='bbox 1280 1933 1375 1990; x_wconf 89' lang='lat' dir='ltr'>se,</span> <span class='ocrx_word' id='word_1_128' title='bbox 1415 1915 1483 1976; x_wconf 88' lang='lat' dir='ltr'>in</span> <span class='ocrx_word' id='word_1_129' title='bbox 1537 1933 1612 1978; x_wconf 86' lang='lat' dir='ltr'>se</span> <span class='ocrx_word' id='word_1_130' title='bbox 1664 1922 1741 1977; x_wconf 92' lang='lat' dir='ltr'>ut</span> <span class='ocrx_word' id='word_1_131' title='bbox 1787 1915 1925 1977; x_wconf 82' lang='lat' dir='ltr'>sint</span> <span class='ocrx_word' id='word_1_132' title='bbox 1962 1933 2105 1991; x_wconf 87' lang='lat' dir='ltr'>sua,</span> <span class='ocrx_word' id='word_1_133' title='bbox 2144 1933 2225 1978; x_wconf 92' lang='lat' dir='ltr'>ac</span> <span class='ocrx_word' id='word_1_134' title='bbox 2265 1915 2391 1978; x_wconf 88' lang='lat' dir='ltr'>sub</span> <span class='ocrx_word' id='word_1_135' title='bbox 2428 1937 2501 1980; x_wconf 91' lang='lat' dir='ltr'>se</span> <span class='ocrx_word' id='word_1_136' title='bbox 2560 1926 2637 1981; x_wconf 87' lang='lat' dir='ltr'>ut</span> <span class='ocrx_word' id='word_1_137' title='bbox 2694 1915 2822 1982; x_wconf 79' lang='lat' dir='ltr'>sibi</span> 
     </span>
     <span class='ocr_line' id='line_1_15' title="bbox 575 2009 2821 2092; baseline 0.001 -19"><span class='ocrx_word' id='word_1_138' title='bbox 575 2009 991 2086; x_wconf 87' lang='lat' dir='ltr'>inserviant;</span> <span class='ocrx_word' id='word_1_139' title='bbox 1041 2019 1274 2072; x_wconf 85' lang='lat' dir='ltr'>cetera</span> <span class='ocrx_word' id='word_1_140' title='bbox 1311 2018 1566 2084; x_wconf 87' lang='lat' dir='ltr'>autem,</span> <span class='ocrx_word' id='word_1_141' title='bbox 1607 2025 1781 2092; x_wconf 87' lang='lat' dir='ltr'>quae</span> <span class='ocrx_word' id='word_1_142' title='bbox 1821 2029 1957 2072; x_wconf 90' lang='lat' dir='ltr'>non</span> <span class='ocrx_word' id='word_1_143' title='bbox 1993 2011 2447 2086; x_wconf 85' lang='lat' dir='ltr'>concordant,</span> <span class='ocrx_word' id='word_1_144' title='bbox 2487 2009 2707 2090; x_wconf 87' lang='lat' dir='ltr'>rejicit</span> <span class='ocrx_word' id='word_1_145' title='bbox 2747 2021 2821 2076; x_wconf 85' lang='lat' dir='ltr'>et</span> 
     </span>
     <span class='ocr_line' id='line_1_16' title="bbox 577 2101 2821 2188; baseline 0.002 -20"><span class='ocrx_word' id='word_1_146' title='bbox 577 2105 1019 2184; x_wconf 71' lang='lat' dir='ltr'>exterminat.</span> <span class='ocrx_word' id='word_1_147' title='bbox 1111 2101 1314 2184; x_wconf 84' lang='lat' dir='ltr'>Quod</span> <span class='ocrx_word' id='word_1_148' title='bbox 1362 2105 1576 2168; x_wconf 81' lang='lat' dir='ltr'>amori</span> <span class='ocrx_word' id='word_1_149' title='bbox 1629 2105 1793 2168; x_wconf 87' lang='lat' dir='ltr'>insit</span> <span class='ocrx_word' id='word_1_150' title='bbox 1846 2106 2069 2168; x_wconf 90' lang='lat' dir='ltr'>omnis</span> <span class='ocrx_word' id='word_1_151' title='bbox 2114 2105 2405 2168; x_wconf 81' lang='lat' dir='ltr'>facultas</span> <span class='ocrx_word' id='word_1_152' title='bbox 2451 2108 2821 2188; x_wconf 86' lang='lat' dir='ltr'>recipiendi</span> 
     </span>
     <span class='ocr_line' id='line_1_17' title="bbox 575 2198 2817 2284; baseline 0.002 -22"><span class='ocrx_word' id='word_1_153' title='bbox 575 2213 739 2263; x_wconf 77' lang='lat' dir='ltr'>vera</span> <span class='ocrx_word' id='word_1_154' title='bbox 775 2199 902 2262; x_wconf 88' lang='lat' dir='ltr'>sibi</span> <span class='ocrx_word' id='word_1_155' title='bbox 933 2198 1432 2272; x_wconf 81' lang='lat' dir='ltr'>convenientia,</span> <span class='ocrx_word' id='word_1_156' title='bbox 1473 2217 1553 2262; x_wconf 92' lang='lat' dir='ltr'>ac</span> <span class='ocrx_word' id='word_1_157' title='bbox 1586 2198 1998 2263; x_wconf 84' lang='lat' dir='ltr'>desiderium</span> <span class='ocrx_word' id='word_1_158' title='bbox 2030 2198 2147 2263; x_wconf 91' lang='lat' dir='ltr'>illa</span> <span class='ocrx_word' id='word_1_159' title='bbox 2180 2200 2306 2262; x_wconf 91' lang='lat' dir='ltr'>sibi</span> <span class='ocrx_word' id='word_1_160' title='bbox 2339 2199 2817 2284; x_wconf 79' lang='lat' dir='ltr'>conjungendi,</span> 
     </span>
     <span class='ocr_line' id='line_1_18' title="bbox 575 2292 2819 2378; baseline 0.001 -20"><span class='ocrx_word' id='word_1_161' title='bbox 575 2296 799 2378; x_wconf 84' lang='lat' dir='ltr'>patuit</span> <span class='ocrx_word' id='word_1_162' title='bbox 837 2295 1048 2359; x_wconf 88' lang='lat' dir='ltr'>etiam</span> <span class='ocrx_word' id='word_1_163' title='bbox 1087 2292 1448 2356; x_wconf 84' lang='lat' dir='ltr'>manifeste</span> <span class='ocrx_word' id='word_1_164' title='bbox 1487 2294 1573 2357; x_wconf 89' lang='lat' dir='ltr'>ab</span> <span class='ocrx_word' id='word_1_165' title='bbox 1607 2293 1745 2357; x_wconf 90' lang='lat' dir='ltr'>illis</span> <span class='ocrx_word' id='word_1_166' title='bbox 1782 2295 1895 2377; x_wconf 91' lang='lat' dir='ltr'>qui</span> <span class='ocrx_word' id='word_1_167' title='bbox 1940 2296 2008 2357; x_wconf 90' lang='lat' dir='ltr'>in</span> <span class='ocrx_word' id='word_1_168' title='bbox 2048 2292 2313 2358; x_wconf 88' lang='lat' dir='ltr'>caelum</span> <span class='ocrx_word' id='word_1_169' title='bbox 2360 2292 2582 2360; x_wconf 67' lang='lat' dir='ltr'>evecti</span> <span class='ocrx_word' id='word_1_170' title='bbox 2618 2306 2819 2376; x_wconf 65' lang='lat' dir='ltr'>sunt:</span> 
     </span>
     <span class='ocr_line' id='line_1_19' title="bbox 575 2386 2819 2473; baseline 0.001 -21"><span class='ocrx_word' id='word_1_171' title='bbox 575 2389 675 2453; x_wconf 84' lang='lat' dir='ltr'>illi</span> <span class='ocrx_word' id='word_1_172' title='bbox 713 2388 992 2453; x_wconf 87' lang='lat' dir='ltr'>tametsi</span> <span class='ocrx_word' id='word_1_173' title='bbox 1029 2386 1374 2468; x_wconf 82' lang='lat' dir='ltr'>simplices</span> <span class='ocrx_word' id='word_1_174' title='bbox 1419 2388 1487 2450; x_wconf 91' lang='lat' dir='ltr'>in</span> <span class='ocrx_word' id='word_1_175' title='bbox 1543 2388 1799 2451; x_wconf 87' lang='lat' dir='ltr'>mundo</span> <span class='ocrx_word' id='word_1_176' title='bbox 1836 2389 2127 2462; x_wconf 85' lang='lat' dir='ltr'>fuerunt,</span> <span class='ocrx_word' id='word_1_177' title='bbox 2162 2409 2381 2471; x_wconf 85' lang='lat' dir='ltr'>usque</span> <span class='ocrx_word' id='word_1_178' title='bbox 2441 2389 2509 2453; x_wconf 89' lang='lat' dir='ltr'>in</span> <span class='ocrx_word' id='word_1_179' title='bbox 2546 2393 2819 2473; x_wconf 87' lang='lat' dir='ltr'>sapien-</span> 
     </span>
     <span class='ocr_line' id='line_1_20' title="bbox 574 2481 2817 2574; baseline 0.001 -27"><span class='ocrx_word' id='word_1_180' title='bbox 574 2485 746 2548; x_wconf 86' lang='lat' dir='ltr'>tiam</span> <span class='ocrx_word' id='word_1_181' title='bbox 773 2482 1155 2574; x_wconf 66' lang='lat' dir='ltr'>angelicam</span> <span class='ocrx_word' id='word_1_182' title='bbox 1187 2491 1260 2545; x_wconf 91' lang='lat' dir='ltr'>et</span> <span class='ocrx_word' id='word_1_183' title='bbox 1294 2483 1360 2544; x_wconf 89' lang='lat' dir='ltr'>in</span> <span class='ocrx_word' id='word_1_184' title='bbox 1393 2481 1614 2546; x_wconf 88' lang='lat' dir='ltr'>felicia</span> <span class='ocrx_word' id='word_1_185' title='bbox 1635 2481 1809 2545; x_wconf 91' lang='lat' dir='ltr'>caeli</span> <span class='ocrx_word' id='word_1_186' title='bbox 1832 2493 2191 2557; x_wconf 89' lang='lat' dir='ltr'>venerunt,</span> <span class='ocrx_word' id='word_1_187' title='bbox 2218 2500 2371 2546; x_wconf 90' lang='lat' dir='ltr'>cum</span> <span class='ocrx_word' id='word_1_188' title='bbox 2402 2483 2817 2567; x_wconf 82' lang='lat' dir='ltr'>inter-ange-</span> 
     </span>
     <span class='ocr_line' id='line_1_21' title="bbox 575 2575 2821 2663; baseline 0.002 -23"><span class='ocrx_word' id='word_1_189' title='bbox 575 2577 718 2641; x_wconf 87' lang='lat' dir='ltr'>los:</span> <span class='ocrx_word' id='word_1_190' title='bbox 779 2597 986 2641; x_wconf 87' lang='lat' dir='ltr'>causa</span> <span class='ocrx_word' id='word_1_191' title='bbox 1021 2577 1166 2651; x_wconf 87' lang='lat' dir='ltr'>fuit,</span> <span class='ocrx_word' id='word_1_192' title='bbox 1203 2577 1358 2660; x_wconf 90' lang='lat' dir='ltr'>quia</span> <span class='ocrx_word' id='word_1_193' title='bbox 1403 2587 1807 2640; x_wconf 86' lang='lat' dir='ltr'>amaverunt</span> <span class='ocrx_word' id='word_1_194' title='bbox 1834 2575 2098 2641; x_wconf 87' lang='lat' dir='ltr'>&#39;bonum</span> <span class='ocrx_word' id='word_1_195' title='bbox 2144 2586 2220 2641; x_wconf 89' lang='lat' dir='ltr'>et</span> <span class='ocrx_word' id='word_1_196' title='bbox 2268 2597 2503 2641; x_wconf 85' lang='lat' dir='ltr'>verum</span> <span class='ocrx_word' id='word_1_197' title='bbox 2540 2591 2821 2663; x_wconf 84' lang='lat' dir='ltr'>propter</span> 
     </span>
     <span class='ocr_line' id='line_1_22' title="bbox 572 2672 2821 2757; baseline 0.001 -20"><span class='ocrx_word' id='word_1_198' title='bbox 572 2673 831 2737; x_wconf 85' lang='lat' dir='ltr'>bonum</span> <span class='ocrx_word' id='word_1_199' title='bbox 869 2683 939 2737; x_wconf 89' lang='lat' dir='ltr'>et</span> <span class='ocrx_word' id='word_1_200' title='bbox 978 2690 1231 2747; x_wconf 86' lang='lat' dir='ltr'>verum,</span> <span class='ocrx_word' id='word_1_201' title='bbox 1269 2682 1340 2736; x_wconf 88' lang='lat' dir='ltr'>et</span> <span class='ocrx_word' id='word_1_202' title='bbox 1378 2672 1963 2754; x_wconf 86' lang='lat' dir='ltr'>implantaverunt</span> <span class='ocrx_word' id='word_1_203' title='bbox 2001 2672 2119 2737; x_wconf 91' lang='lat' dir='ltr'>illa</span> <span class='ocrx_word' id='word_1_204' title='bbox 2156 2674 2343 2738; x_wconf 85' lang='lat' dir='ltr'>vitae</span> <span class='ocrx_word' id='word_1_205' title='bbox 2374 2694 2556 2748; x_wconf 87' lang='lat' dir='ltr'>suae,</span> <span class='ocrx_word' id='word_1_206' title='bbox 2590 2684 2662 2739; x_wconf 91' lang='lat' dir='ltr'>et</span> <span class='ocrx_word' id='word_1_207' title='bbox 2700 2696 2821 2757; x_wconf 89' lang='lat' dir='ltr'>per</span> 
     </span>
     <span class='ocr_line' id='line_1_23' title="bbox 574 2764 2819 2849; baseline 0.001 -18"><span class='ocrx_word' id='word_1_208' title='bbox 574 2767 646 2831; x_wconf 87' lang='lat' dir='ltr'>id</span> <span class='ocrx_word' id='word_1_209' title='bbox 683 2768 1047 2831; x_wconf 87' lang='lat' dir='ltr'>facultates</span> <span class='ocrx_word' id='word_1_210' title='bbox 1083 2764 1242 2830; x_wconf 65' lang='lat' dir='ltr'>faeci</span> <span class='ocrx_word' id='word_1_211' title='bbox 1279 2776 1438 2831; x_wconf 89' lang='lat' dir='ltr'>sunt</span> <span class='ocrx_word' id='word_1_212' title='bbox 1475 2768 1849 2849; x_wconf 86' lang='lat' dir='ltr'>recipiendi</span> <span class='ocrx_word' id='word_1_213' title='bbox 1881 2768 2145 2832; x_wconf 90' lang='lat' dir='ltr'>caelum</span> <span class='ocrx_word' id='word_1_214' title='bbox 2178 2788 2332 2833; x_wconf 89' lang='lat' dir='ltr'>cum</span> <span class='ocrx_word' id='word_1_215' title='bbox 2364 2770 2551 2833; x_wconf 90' lang='lat' dir='ltr'>omni</span> <span class='ocrx_word' id='word_1_216' title='bbox 2585 2770 2819 2834; x_wconf 73' lang='lat' dir='ltr'>ineffa-</span> 
     </span>
     <span class='ocr_line' id='line_1_24' title="bbox 575 2860 2819 2944; baseline 0.001 -19"><span class='ocrx_word' id='word_1_217' title='bbox 575 2862 697 2926; x_wconf 90' lang='lat' dir='ltr'>bili</span> <span class='ocrx_word' id='word_1_218' title='bbox 752 2864 860 2926; x_wconf 88' lang='lat' dir='ltr'>ibi.</span> <span class='ocrx_word' id='word_1_219' title='bbox 952 2860 1086 2944; x_wconf 85' lang='lat' dir='ltr'>Qui</span> <span class='ocrx_word' id='word_1_220' title='bbox 1123 2872 1352 2926; x_wconf 88' lang='lat' dir='ltr'>autem</span> <span class='ocrx_word' id='word_1_221' title='bbox 1411 2863 1480 2926; x_wconf 91' lang='lat' dir='ltr'>in</span> <span class='ocrx_word' id='word_1_222' title='bbox 1539 2880 1773 2926; x_wconf 91' lang='lat' dir='ltr'>amore</span> <span class='ocrx_word' id='word_1_223' title='bbox 1824 2865 1927 2925; x_wconf 89' lang='lat' dir='ltr'>sui</span> <span class='ocrx_word' id='word_1_224' title='bbox 1976 2874 2047 2926; x_wconf 92' lang='lat' dir='ltr'>et</span> <span class='ocrx_word' id='word_1_225' title='bbox 2104 2865 2338 2926; x_wconf 88' lang='lat' dir='ltr'>mundi</span> <span class='ocrx_word' id='word_1_226' title='bbox 2377 2874 2558 2939; x_wconf 84' lang='lat' dir='ltr'>sunt,</span> <span class='ocrx_word' id='word_1_227' title='bbox 2598 2864 2694 2928; x_wconf 90' lang='lat' dir='ltr'>illi</span> <span class='ocrx_word' id='word_1_228' title='bbox 2750 2866 2819 2929; x_wconf 89' lang='lat' dir='ltr'>in</span> 
     </span>
     <span class='ocr_line' id='line_1_25' title="bbox 577 2958 2819 3041; baseline 0.002 -20"><span class='ocrx_word' id='word_1_229' title='bbox 577 2958 766 3022; x_wconf 89' lang='lat' dir='ltr'>nulla</span> <span class='ocrx_word' id='word_1_230' title='bbox 795 2960 1123 3023; x_wconf 87' lang='lat' dir='ltr'>facultate</span> <span class='ocrx_word' id='word_1_231' title='bbox 1146 2958 1520 3040; x_wconf 86' lang='lat' dir='ltr'>recipiendi</span> <span class='ocrx_word' id='word_1_232' title='bbox 1551 2958 1672 3022; x_wconf 89' lang='lat' dir='ltr'>illa</span> <span class='ocrx_word' id='word_1_233' title='bbox 1702 2970 1883 3033; x_wconf 88' lang='lat' dir='ltr'>sunt,</span> <span class='ocrx_word' id='word_1_234' title='bbox 1912 2970 2314 3021; x_wconf 83' lang='lat' dir='ltr'>aversantur</span> <span class='ocrx_word' id='word_1_235' title='bbox 2342 2959 2482 3034; x_wconf 87' lang='lat' dir='ltr'>illa,</span> <span class='ocrx_word' id='word_1_236' title='bbox 2512 2958 2819 3041; x_wconf 87' lang='lat' dir='ltr'>rejiciunt</span> 
     </span>
     <span class='ocr_line' id='line_1_26' title="bbox 575 3051 2819 3136; baseline 0 -18"><span class='ocrx_word' id='word_1_237' title='bbox 575 3054 716 3129; x_wconf 85' lang='lat' dir='ltr'>illa,</span> <span class='ocrx_word' id='word_1_238' title='bbox 750 3060 820 3117; x_wconf 94' lang='lat' dir='ltr'>et</span> <span class='ocrx_word' id='word_1_239' title='bbox 854 3055 940 3117; x_wconf 90' lang='lat' dir='ltr'>ad</span> <span class='ocrx_word' id='word_1_240' title='bbox 981 3054 1269 3135; x_wconf 89' lang='lat' dir='ltr'>primum</span> <span class='ocrx_word' id='word_1_241' title='bbox 1303 3051 1562 3117; x_wconf 61' lang='lat' dir='ltr'>tactum</span> <span class='ocrx_word' id='word_1_242' title='bbox 1601 3063 1673 3117; x_wconf 89' lang='lat' dir='ltr'>et</span> <span class='ocrx_word' id='word_1_243' title='bbox 1714 3052 2040 3117; x_wconf 87' lang='lat' dir='ltr'>influxum</span> <span class='ocrx_word' id='word_1_244' title='bbox 2074 3072 2309 3117; x_wconf 84' lang='lat' dir='ltr'>eorum</span> <span class='ocrx_word' id='word_1_245' title='bbox 2342 3052 2713 3136; x_wconf 85' lang='lat' dir='ltr'>aufugiunt,</span> <span class='ocrx_word' id='word_1_246' title='bbox 2748 3066 2819 3119; x_wconf 89' lang='lat' dir='ltr'>et</span> 
     </span>
     <span class='ocr_line' id='line_1_27' title="bbox 575 3147 2817 3231; baseline -0.001 -17"><span class='ocrx_word' id='word_1_247' title='bbox 575 3170 651 3214; x_wconf 89' lang='lat' dir='ltr'>se</span> <span class='ocrx_word' id='word_1_248' title='bbox 697 3150 1045 3212; x_wconf 88' lang='lat' dir='ltr'>associant</span> <span class='ocrx_word' id='word_1_249' title='bbox 1091 3149 1224 3211; x_wconf 87' lang='lat' dir='ltr'>illis</span> <span class='ocrx_word' id='word_1_250' title='bbox 1269 3149 1336 3212; x_wconf 91' lang='lat' dir='ltr'>in</span> <span class='ocrx_word' id='word_1_251' title='bbox 1382 3147 1666 3221; x_wconf 83' lang='lat' dir='ltr'>inferno,</span> <span class='ocrx_word' id='word_1_252' title='bbox 1710 3148 1823 3231; x_wconf 90' lang='lat' dir='ltr'>qui</span> <span class='ocrx_word' id='word_1_253' title='bbox 1869 3149 1936 3211; x_wconf 90' lang='lat' dir='ltr'>in</span> <span class='ocrx_word' id='word_1_254' title='bbox 1984 3148 2313 3212; x_wconf 88' lang='lat' dir='ltr'>similibus</span> <span class='ocrx_word' id='word_1_255' title='bbox 2358 3168 2591 3212; x_wconf 90' lang='lat' dir='ltr'>secum</span> <span class='ocrx_word' id='word_1_256' title='bbox 2627 3169 2817 3213; x_wconf 80' lang='lat' dir='ltr'>amo—</span> 
     </span>
     <span class='ocr_line' id='line_1_28' title="bbox 575 3241 2820 3326; baseline -0.001 -17"><span class='ocrx_word' id='word_1_257' title='bbox 575 3245 761 3309; x_wconf 87' lang='lat' dir='ltr'>ribus</span> <span class='ocrx_word' id='word_1_258' title='bbox 819 3254 999 3307; x_wconf 81' lang='lat' dir='ltr'>sunt.</span> <span class='ocrx_word' id='word_1_259' title='bbox 1091 3242 1395 3306; x_wconf 85' lang='lat' dir='ltr'>Fuerunt</span> <span class='ocrx_word' id='word_1_260' title='bbox 1453 3243 1731 3325; x_wconf 90' lang='lat' dir='ltr'>spiritus</span> <span class='ocrx_word' id='word_1_261' title='bbox 1791 3243 1903 3326; x_wconf 91' lang='lat' dir='ltr'>qui</span> <span class='ocrx_word' id='word_1_262' title='bbox 1954 3241 2366 3307; x_wconf 87' lang='lat' dir='ltr'>dubitabant</span> <span class='ocrx_word' id='word_1_263' title='bbox 2413 3244 2594 3326; x_wconf 91' lang='lat' dir='ltr'>quod</span> <span class='ocrx_word' id='word_1_264' title='bbox 2651 3244 2820 3307; x_wconf 76' lang='lat' dir='ltr'>talia</span> 
     </span>
     <span class='ocr_line' id='line_1_29' title="bbox 572 3338 2816 3417; baseline -0.001 -13"><span class='ocrx_word' id='word_1_265' title='bbox 572 3340 882 3405; x_wconf 88' lang='lat' dir='ltr'>inessent</span> <span class='ocrx_word' id='word_1_266' title='bbox 907 3340 1119 3403; x_wconf 87' lang='lat' dir='ltr'>amori</span> <span class='ocrx_word' id='word_1_267' title='bbox 1146 3338 1454 3414; x_wconf 87' lang='lat' dir='ltr'>caelesti,</span> <span class='ocrx_word' id='word_1_268' title='bbox 1481 3347 1553 3402; x_wconf 89' lang='lat' dir='ltr'>et</span> <span class='ocrx_word' id='word_1_269' title='bbox 1580 3338 2064 3401; x_wconf 88' lang='lat' dir='ltr'>desiderabant</span> <span class='ocrx_word' id='word_1_270' title='bbox 2090 3340 2259 3402; x_wconf 87' lang='lat' dir='ltr'>scire</span> <span class='ocrx_word' id='word_1_271' title='bbox 2287 3358 2445 3401; x_wconf 89' lang='lat' dir='ltr'>num</span> <span class='ocrx_word' id='word_1_272' title='bbox 2470 3339 2568 3402; x_wconf 87' lang='lat' dir='ltr'>ita</span> <span class='ocrx_word' id='word_1_273' title='bbox 2590 3347 2816 3417; x_wconf 87' lang='lat' dir='ltr'>esset;</span> 
     </span>
     <span class='ocr_line' id='line_1_30' title="bbox 577 3433 2819 3519; baseline -0 -21"><span class='ocrx_word' id='word_1_274' title='bbox 577 3443 996 3519; x_wconf 86' lang='lat' dir='ltr'>quapropter</span> <span class='ocrx_word' id='word_1_275' title='bbox 1031 3434 1219 3497; x_wconf 88' lang='lat' dir='ltr'>missi</span> <span class='ocrx_word' id='word_1_276' title='bbox 1256 3442 1415 3498; x_wconf 89' lang='lat' dir='ltr'>sunt</span> <span class='ocrx_word' id='word_1_277' title='bbox 1459 3434 1526 3497; x_wconf 90' lang='lat' dir='ltr'>in</span> <span class='ocrx_word' id='word_1_278' title='bbox 1565 3443 1828 3497; x_wconf 89' lang='lat' dir='ltr'>statum</span> <span class='ocrx_word' id='word_1_279' title='bbox 1867 3434 2115 3497; x_wconf 89' lang='lat' dir='ltr'>amoris</span> <span class='ocrx_word' id='word_1_280' title='bbox 2154 3433 2496 3507; x_wconf 74' lang='lat' dir='ltr'>caelesti3‚</span> <span class='ocrx_word' id='word_1_281' title='bbox 2536 3435 2819 3497; x_wconf 87' lang='lat' dir='ltr'>remotis</span> 
     </span>
     <span class='ocr_line' id='line_1_31' title="bbox 573 3527 2818 3610; baseline -0 -17"><span class='ocrx_word' id='word_1_282' title='bbox 573 3532 839 3594; x_wconf 87' lang='lat' dir='ltr'>interea</span> <span class='ocrx_word' id='word_1_283' title='bbox 869 3528 1326 3604; x_wconf 88' lang='lat' dir='ltr'>obstantibus,</span> <span class='ocrx_word' id='word_1_284' title='bbox 1353 3538 1426 3593; x_wconf 90' lang='lat' dir='ltr'>et</span> <span class='ocrx_word' id='word_1_285' title='bbox 1459 3527 1703 3610; x_wconf 87' lang='lat' dir='ltr'>perlati</span> <span class='ocrx_word' id='word_1_286' title='bbox 1735 3538 2123 3592; x_wconf 84' lang='lat' dir='ltr'>antrorsum</span> <span class='ocrx_word' id='word_1_287' title='bbox 2156 3527 2243 3591; x_wconf 89' lang='lat' dir='ltr'>ad</span> <span class='ocrx_word' id='word_1_288' title='bbox 2275 3528 2674 3591; x_wconf 85' lang='lat' dir='ltr'>distantiam</span> <span class='ocrx_word' id='word_1_289' title='bbox 2706 3528 2818 3592; x_wconf 86' lang='lat' dir='ltr'>ubi</span> 
     </span>
     <span class='ocr_line' id='line_1_32' title="bbox 578 3622 2817 3707; baseline -0.002 -18"><span class='ocrx_word' id='word_1_290' title='bbox 578 3626 845 3689; x_wconf 88' lang='lat' dir='ltr'>caelum</span> <span class='ocrx_word' id='word_1_291' title='bbox 891 3624 1300 3707; x_wconf 85' lang='lat' dir='ltr'>angelicum,</span> <span class='ocrx_word' id='word_1_292' title='bbox 1349 3632 1420 3687; x_wconf 91' lang='lat' dir='ltr'>et</span> <span class='ocrx_word' id='word_1_293' title='bbox 1483 3624 1642 3688; x_wconf 88' lang='lat' dir='ltr'>inde</span> <span class='ocrx_word' id='word_1_294' title='bbox 1688 3622 1900 3687; x_wconf 92' lang='lat' dir='ltr'>locuti</span> <span class='ocrx_word' id='word_1_295' title='bbox 1960 3633 2119 3687; x_wconf 89' lang='lat' dir='ltr'>sunt</span> <span class='ocrx_word' id='word_1_296' title='bbox 2166 3640 2456 3696; x_wconf 85' lang='lat' dir='ltr'>mecum,</span> <span class='ocrx_word' id='word_1_297' title='bbox 2506 3623 2817 3687; x_wconf 87' lang='lat' dir='ltr'>dicentes</span> 
     </span>
    </p>
   </div>
   <div class='ocr_carea' id='block_1_3' title="bbox 1379 3820 2024 3874">
    <p class='ocr_par' dir='ltr' id='par_1_4' title="bbox 1379 3820 2024 3874">
     <span class='ocr_line' id='line_1_33' title="bbox 1379 3820 2024 3874; baseline -0.003 -11"><span class='ocrx_word' id='word_1_298' title='bbox 1379 3822 1456 3874; x_wconf 71' lang='grc' dir='ltr'>(ιι</span> <span class='ocrx_word' id='word_1_299' title='bbox 1479 3828 1678 3863; x_wconf 67' lang='lat' dir='ltr'>nem</span> <span class='ocrx_word' id='word_1_300' title='bbox 1696 3820 2024 3871; x_wconf 63' lang='lat' dir='ltr'>camma.)</span> 
     </span>
    </p>
   </div>
   <div class='ocr_carea' id='block_1_4' title="bbox 577 3923 2819 4276">
    <p class='ocr_par' dir='ltr' id='par_1_5' title="bbox 577 3923 2819 4276">
     <span class='ocr_line' id='line_1_34' title="bbox 691 3923 2818 3998; baseline -0 -18"><span class='ocrx_word' id='word_1_301' title='bbox 691 3926 798 3995; x_wconf 77' lang='lat' dir='ltr'><em>(bb)</em></span> <span class='ocrx_word' id='word_1_302' title='bbox 837 3923 1019 3998; x_wconf 77' lang='lat' dir='ltr'>Quod</span> <span class='ocrx_word' id='word_1_303' title='bbox 1049 3924 1298 3995; x_wconf 86' lang='lat' dir='ltr'>spiritus</span> <span class='ocrx_word' id='word_1_304' title='bbox 1327 3933 1392 3979; x_wconf 89' lang='lat' dir='ltr'>et</span> <span class='ocrx_word' id='word_1_305' title='bbox 1432 3923 1628 3995; x_wconf 83' lang='lat' dir='ltr'>angeli</span> <span class='ocrx_word' id='word_1_306' title='bbox 1673 3939 1740 3978; x_wconf 87' lang='lat' dir='ltr'>se</span> <span class='ocrx_word' id='word_1_307' title='bbox 1778 3932 2137 3977; x_wconf 83' lang='lat' dir='ltr'>convertant</span> <span class='ocrx_word' id='word_1_308' title='bbox 2172 3932 2522 3977; x_wconf 85' lang='lat' dir='ltr'>constanter</span> <span class='ocrx_word' id='word_1_309' title='bbox 2560 3924 2637 3977; x_wconf 86' lang='lat' dir='ltr'>ad</span> <span class='ocrx_word' id='word_1_310' title='bbox 2676 3939 2818 3979; x_wconf 89' lang='lat' dir='ltr'>suos</span> 
     </span>
     <span class='ocr_line' id='line_1_35' title="bbox 577 3992 2819 4067; baseline -0.002 -14"><span class='ocrx_word' id='word_1_311' title='bbox 577 4013 833 4058; x_wconf 83' lang='lat' dir='ltr'>amores,</span> <span class='ocrx_word' id='word_1_312' title='bbox 865 4007 926 4051; x_wconf 87' lang='lat' dir='ltr'>et</span> <span class='ocrx_word' id='word_1_313' title='bbox 962 3996 1066 4067; x_wconf 89' lang='lat' dir='ltr'>qui</span> <span class='ocrx_word' id='word_1_314' title='bbox 1105 3998 1165 4051; x_wconf 89' lang='lat' dir='ltr'>in</span> <span class='ocrx_word' id='word_1_315' title='bbox 1203 3994 1386 4051; x_wconf 89' lang='lat' dir='ltr'>caelis</span> <span class='ocrx_word' id='word_1_316' title='bbox 1422 4004 1773 4050; x_wconf 82' lang='lat' dir='ltr'>constanter</span> <span class='ocrx_word' id='word_1_317' title='bbox 1808 3994 1887 4051; x_wconf 87' lang='lat' dir='ltr'>ad</span> <span class='ocrx_word' id='word_1_318' title='bbox 1922 3992 2249 4049; x_wconf 89' lang='lat' dir='ltr'>Dominum</span> <span class='ocrx_word' id='word_1_319' title='bbox 2292 3995 2372 4064; x_wconf 90' lang='lat' dir='ltr'>(n.</span> <span class='ocrx_word' id='word_1_320' title='bbox 2410 4008 2595 4063; x_wconf 86' lang='lat'>10130.</span> <span class='ocrx_word' id='word_1_321' title='bbox 2633 3994 2819 4064; x_wconf 70' lang='lat'>10:89,</span> 
     </span>
     <span class='ocr_line' id='line_1_36' title="bbox 585 4068 2819 4264; baseline -0 -73"><span class='ocrx_word' id='word_1_322' title='bbox 585 4068 1099 4264; x_wconf 47' lang='lat' dir='ltr'>¹042901’1&lt;idoss&gt;ol²ggae</span> <span class='ocrx_word' id='word_1_323' title='bbox 1125 4136 1184 4191; x_wconf 86' lang='lat' dir='ltr'>ln</span> <span class='ocrx_word' id='word_1_324' title='bbox 1211 4137 1400 4192; x_wconf 73' lang='lat' dir='ltr'>altera</span> <span class='ocrx_word' id='word_1_325' title='bbox 1415 4135 1544 4191; x_wconf 84' lang='lat' dir='ltr'>vita</span> <span class='ocrx_word' id='word_1_326' title='bbox 1561 4136 1783 4206; x_wconf 83' lang='lat' dir='ltr'>cuique</span> <span class='ocrx_word' id='word_1_327' title='bbox 1803 4135 1929 4191; x_wconf 76' lang='lat' dir='ltr'>sint</span> <span class='ocrx_word' id='word_1_328' title='bbox 1948 4136 2279 4191; x_wconf 85' lang='lat' dir='ltr'>seeundum</span> <span class='ocrx_word' id='word_1_329' title='bbox 2295 4130 2604 4204; x_wconf 64' lang='lat' dir='ltr'>aspectum</span> <span class='ocrx_word' id='word_1_330' title='bbox 2626 4132 2819 4199; x_wconf 75' lang='lat' dir='ltr'>faciei.</span> 
     </span>
     <span class='ocr_line' id='line_1_37' title="bbox 579 4206 2819 4276; baseline -0.001 -12"><span class='ocrx_word' id='word_1_331' title='bbox 579 4218 642 4265; x_wconf 89' lang='lat' dir='ltr'>et</span> <span class='ocrx_word' id='word_1_332' title='bbox 691 4208 834 4263; x_wconf 88' lang='lat' dir='ltr'>inde</span> <span class='ocrx_word' id='word_1_333' title='bbox 917 4208 1365 4269; x_wconf 75' lang='lat' dir='ltr'>etei-minentur,</span> <span class='ocrx_word' id='word_1_334' title='bbox 1396 4206 1573 4263; x_wconf 84' lang='lat' dir='ltr'>aliter</span> <span class='ocrx_word' id='word_1_335' title='bbox 1617 4223 1690 4263; x_wconf 91' lang='lat' dir='ltr'>ac</span> <span class='ocrx_word' id='word_1_336' title='bbox 1736 4209 1799 4263; x_wconf 86' lang='lat' dir='ltr'>in</span> <span class='ocrx_word' id='word_1_337' title='bbox 1830 4206 2059 4262; x_wconf 85' lang='lat' dir='ltr'>mundo</span> <span class='ocrx_word' id='word_1_338' title='bbox 2082 4208 2166 4276; x_wconf 87' lang='lat' dir='ltr'>(n.</span> <span class='ocrx_word' id='word_1_339' title='bbox 2198 4220 2383 4275; x_wconf 79' lang='lat'>10130.</span> <span class='ocrx_word' id='word_1_340' title='bbox 2416 4206 2601 4276; x_wconf 82' lang='lat'><em>10189‚</em></span> <span class='ocrx_word' id='word_1_341' title='bbox 2634 4220 2819 4275; x_wconf 69' lang='grc' dir='ltr'><strong>ιαμο.</strong></span> 
     </span>
    </p>
   </div>
   <div class='ocr_carea' id='block_1_5' title="bbox 563 4280 2817 4581">
    <p class='ocr_par' dir='ltr' id='par_1_6' title="bbox 563 4280 2817 4581">
     <span class='ocr_line' id='line_1_38' title="bbox 584 4280 2817 4453; baseline -0.002 -27"><span class='ocrx_word' id='word_1_342' title='bbox 584 4280 800 4439; x_wconf 52' lang='grc' dir='ltr'>Μῗιέ)</span> <span class='ocrx_word' id='word_1_343' title='bbox 833 4368 1012 4453; x_wconf 67' lang='lat' dir='ltr'>Quod</span> <span class='ocrx_word' id='word_1_344' title='bbox 1043 4368 1236 4425; x_wconf 80' lang='lat' dir='ltr'>amori</span> <span class='ocrx_word' id='word_1_345' title='bbox 1267 4368 1454 4425; x_wconf 80' lang='lat' dir='ltr'>insint</span> <span class='ocrx_word' id='word_1_346' title='bbox 1483 4367 1957 4430; x_wconf 77' lang='lat' dir='ltr'>innumerabilia.</span> <span class='ocrx_word' id='word_1_347' title='bbox 1984 4377 2047 4425; x_wconf 89' lang='lat' dir='ltr'>et</span> <span class='ocrx_word' id='word_1_348' title='bbox 2076 4368 2239 4439; x_wconf 87' lang='lat' dir='ltr'>quod</span> <span class='ocrx_word' id='word_1_349' title='bbox 2266 4382 2441 4423; x_wconf 77' lang='lat' dir='ltr'>mor</span> <span class='ocrx_word' id='word_1_350' title='bbox 2465 4366 2715 4439; x_wconf 76' lang='lat' dir='ltr'>necipint</span> <span class='ocrx_word' id='word_1_351' title='bbox 2740 4366 2817 4423; x_wconf 74' lang='lat' dir='ltr'>nd</span> 
     </span>
     <span class='ocr_line' id='line_1_39' title="bbox 563 4436 2816 4581; baseline -0.002 -85"><span class='ocrx_word' id='word_1_352' title='bbox 563 4452 899 4581; x_wconf 39' lang='lat' dir='ltr'>{zamma</span> <span class='ocrx_word' id='word_1_353' title='bbox 943 4456 1096 4513; x_wconf 78' lang='lat' dir='ltr'>quae</span> <span class='ocrx_word' id='word_1_354' title='bbox 1141 4438 1518 4497; x_wconf 74' lang='lat' dir='ltr'>concordant</span> <span class='ocrx_word' id='word_1_355' title='bbox 1561 4443 1643 4508; x_wconf 88' lang='lat' dir='ltr'>(n.</span> <span class='ocrx_word' id='word_1_356' title='bbox 1694 4452 1853 4509; x_wconf 76' lang='lat'>²300·</span> <span class='ocrx_word' id='word_1_357' title='bbox 1900 4452 2056 4510; x_wconf 81' lang='lat'>257²·</span> <span class='ocrx_word' id='word_1_358' title='bbox 2094 4438 2251 4508; x_wconf 83' lang='lat'>3078.</span> <span class='ocrx_word' id='word_1_359' title='bbox 2285 4436 2441 4507; x_wconf 83' lang='lat'>3189.</span> <span class='ocrx_word' id='word_1_360' title='bbox 2472 4438 2633 4508; x_wconf 81' lang='lat'><strong>63²3·</strong></span> <span class='ocrx_word' id='word_1_361' title='bbox 2661 4450 2816 4507; x_wconf 76' lang='lat'>749⁰·</span> 
     </span>
    </p>
   </div>
   <div class='ocr_carea' id='block_1_6' title="bbox 3325 0 3354 1048">
    <p class='ocr_par' dir='ltr' id='par_1_7' title="bbox 3325 0 3354 1048">
     <span class='ocr_line' id='line_1_40' title="bbox 3325 0 3354 1048; baseline 0 0"><span class='ocrx_word' id='word_1_362' title='bbox 3325 0 3354 1048; x_wconf 95' lang='lat' dir='ltr'> </span> 
     </span>
    </p>
   </div>
  </div>
 </body>
</html>
