3371 5304
1173 608 1276 661 DE
1319 608 1858 662 mMstrrA‘rE
1901 608 2150 661 cAEm.
2655 611 2779 681 257

668 796 857 865 414.
916 777 1051 861 Qui
1110 779 1179 844 in
1232 778 1430 844 caelo
1488 788 1669 857 sunt,
1719 781 2048 845 continue
2105 780 2194 845 ad
2251 798 2536 845 vernum
2591 781 2780 847 vitae

536 888 834 960 pergunt
859 899 879 964 3,
922 886 997 941 et
1033 898 1171 961 quo
1208 877 1403 959 plura
1438 877 1655 941 millia
1693 898 2027 943 annorum
2064 880 2330 954 vivunt,
2370 899 2455 942 eo
2499 879 2586 943 ad
2626 900 2778 943 ver-

536 995 697 1039 num
729 974 1089 1057 jucundius
1126 987 1199 1041 et
1235 975 1519 1051 feliciuS,
1558 985 1630 1040 et
1667 975 1800 1040 hoc
1837 976 1906 1040 in
1943 986 2325 1051 aeternum,
2366 996 2520 1041 cum
2557 976 2780 1042 incre·

537 1074 813 1148 mentis,
847 1074 1224 1138 secundum
1261 1074 1537 1150 amoris,
1570 1073 1935 1138 charitatis
1971 1082 2044 1139 et
2080 1073 2236 1138 fidei
2267 1094 2671 1158 progressus
2708 1084 2782 1142 et

535 1172 807 1253 gradus,
898 1170 1013 1235 Ex
1051 1191 1227 1236 sexu
1262 1170 1611 1247 feminine,
1650 1192 1827 1256 quae
1863 1172 2117 1236 seniles
2154 1184 2235 1236 ac
2273 1174 2468 1236 senio
2503 1172 2778 1238 confec-

534 1278 651 1332 tae
697 1278 1012 1333 mortuae
1056 1278 1241 1345 sunt,
1281 1278 1354 1333 et
1393 1269 1463 1332 in
1508 1267 1643 1333 fide
1688 1271 1757 1333 in
1805 1268 2199 1345 Dominum,
2240 1270 2579 1335 charitate
2615 1290 2781 1353 erga

535 1366 947 1447 proximum,
988 1374 1061 1430 et
1102 1367 1170 1429 in
1210 1384 1441 1430 amore
1478 1366 1848 1449 conjugiali
1883 1365 2066 1431 felici
2109 1386 2264 1432 cum
2303 1371 2552 1432 marito
2581 1370 2779 1433 vixe-

535 1474 715 1538 runt,
754 1472 917 1547 post
954 1483 1289 1527 annorum
1328 1483 1745 1539 successum,
1787 1466 2009 1547 magis
2048 1474 2120 1530 et
2159 1468 2383 1547 magis
2427 1466 2494 1530 in
2536 1465 2778 1548 juven-

536 1562 703 1625 tutis
733 1572 805 1626 et
838 1561 1351 1626 adolescentiae
1373 1561 1611 1625 florem
1634 1562 1943 1637 veniunt,
1969 1563 2172 1646 inque
2204 1564 2779 1647 pulchritudinem

536 1678 709 1742 quae
768 1659 1052 1723 excedit
1107 1677 1383 1723 omnem
1443 1659 1972 1742 pulchritudiuis
2017 1661 2244 1725 ideam
2289 1682 2574 1745 usquam
2631 1663 2778 1726 visu

534 1756 1097 1839 perceptibilem;
1143 1756 1419 1821 bonitas
1458 1766 1531 1820 et
1568 1756 1872 1821 charitas
1909 1767 2016 1822 est
2055 1778 2228 1841 quae
2261 1759 2532 1835 format,
2567 1769 2639 1824 et
2678 1760 2779 1824 sui

536 1855 757 1919 simile
789 1855 999 1927 sistit,
1038 1863 1111 1920 et
1154 1853 1321 1918 facit
1364 1863 1442 1918 ut
1480 1852 1856 1937 jucundum
1902 1866 1976 1919 et
2021 1856 2376 1938 pulchrum
2415 1857 2778 1922 charitatis

534 1970 627 2015 ex
680 1949 1241 2033 singularissimis
1298 1950 1493 2015 faciei
1552 1951 1854 2027 eluceat,
1895 1954 1991 2016 sic
2051 1962 2124 2015 ut
2181 1953 2370 2035 ipsae
2417 1952 2778 2017 charitatis

532 2048 791 2113 formae
813 2048 952 2112 sint
980 2069 996 2126 ;
1036 2048 1223 2111 visae
1248 2058 1409 2113 sunt
1434 2049 1863 2131 quibusdam,
1890 2060 1962 2113 et
1988 2049 2514 2134 obstupuerunt.
2593 2050 2774 2115 Cha-

533 2147 757 2210 ritatis
785 2146 1005 2210 forma
1036 2155 1144 2211 est
1182 2145 1363 2220 talis,
1398 2166 1573 2228 quae
1612 2146 1702 2211 ad
1740 2148 1970 2211 vivum
2003 2148 2421 2229 conspicitur
2456 2150 2524 2211 in
2557 2148 2774 2225 cae10‚

533 2243 717 2328 quod
750 2245 898 2326 ipsa
928 2242 1230 2307 charitas
1262 2244 1352 2308 sit
1383 2264 1557 2327 quae
1589 2244 1851 2327 effigiat
1887 2254 1962 2309 et
1997 2245 2361 2327 effigiatur,
2395 2255 2468 2309 et
2503 2247 2778 2329 quidem

534 2344 653 2417 sic,
692 2352 771 2406 ut
808 2350 1003 2405 totus
1039 2342 1353 2424 angelus,
1387 2342 1782 2424 cumprimis
1818 2341 2049 2419 facies,
2083 2344 2173 2407 sit
2219 2345 2414 2427 quasi
2451 2344 2774 2420 charita,

533 2457 705 2521 quae
738 2438 1101 2503 manifeste
1132 2448 1205 2503 et
1242 2449 1532 2521 apparet
1569 2448 1643 2504 et
1680 2441 2096 2523 percipitur-3
2145 2461 2318 2526 quae
2347 2441 2586 2519 forma,
2622 2462 2778 2508 cum

533 2532 903 2619 spectatur,
936 2545 1048 2600 est
1084 2536 1518 2617 pulchritudo
1554 2536 1918 2601 ineffabilis
1953 2538 2260 2603 afficiens
2297 2540 2636 2603 charitate
2672 2542 2776 2623 ip·

533 2652 679 2698 sam
708 2635 925 2700 vitam
960 2635 1207 2699 mentis
1238 2635 1571 2700 intimam.
1661 2633 1920 2713 Verbo,
1949 2657 2306 2702 senescere
2338 2638 2406 2702 in
2438 2637 2636 2704 caelo
2667 2649 2777 2705 est

529 2731 993 2813 juvenescere.
1084 2731 1217 2814 Qui
1270 2734 1339 2796 in
1385 2751 1619 2798 amore
1662 2734 1734 2797 in
1782 2734 2154 2799 Dominum
2203 2745 2276 2801 et
2321 2737 2391 2800 in
2437 2737 2776 2802 charitate

532 2849 698 2912 erga
734 2831 1125 2912 proximum
1160 2831 1512 2907 vixerunt,
1550 2831 1731 2896 tales
1765 2831 2049 2908 formae,
2091 2853 2210 2898 seu
2255 2833 2436 2898 tales
2474 2835 2774 2919 pulchri·

534 2928 831 3001 tudines‚
870 2929 939 2991 in
984 2927 1208 2993 altera
1251 2927 1403 2992 vita
1446 2927 1661 3009 fiunt3
1731 2949 1972 2994 omnes
2017 2930 2247 3014 angeli
2294 2932 2474 2997 tales
2516 2932 2775 2997 formae

534 3035 717 3100 sunt,
756 3043 913 3090 cum
947 3025 1427 3090 innumerabili
1463 3028 1851 3106 varietate;
1898 3047 1991 3093 ex
2027 3029 2133 3093 his
2171 3028 2456 3094 caelum.

1492 3557 1818 3643 [XLIII]

1140 3741 1256 3807 DE
1306 3743 1851 3810 IMMENSITATE
1897 3745 2157 3812 CAELI.

656 3937 848 4008 413.
910 3923 1113 4007 Quod
1175 3925 1442 3991 caelum
1489 3927 1769 3992 Domini
1829 3929 2232 3994 immensum
2289 3930 2401 4007 sit,
2452 3939 2774 3996 constare

531 4029 767 4104 potest
812 4043 904 4087 ex
951 4023 1253 4105 pluribus
1299 4045 1473 4108 quae
1537 4027 1607 4089 in
1673 4027 2248 4091 antecedentibus
2295 4026 2480 4092 dicta
2524 4040 2596 4094 et
2662 4049 2774 4092 os-

532 4127 735 4182 tensa
758 4129 920 4184 sunt
948 4141 964 4198 ;
1019 4123 1412 4206 cumprimis
1444 4145 1535 4187 ex
1574 4145 1679 4201 e0,
1704 4126 1884 4208 quod
1912 4123 2179 4189 caelum
2215 4127 2306 4190 sit
2341 4147 2432 4190 ex
2471 4127 2774 4191 humano

530 4235 785 4298 genere
826 4215 1168 4292 (videatur
1206 4241 1431 4305 supra,
1473 4241 1536 4284 n.
1579 4222 1924 4306 311—317)‚
1964 4233 2036 4288 et
2076 4243 2213 4287 non
2253 4225 2462 4288 modo
2501 4244 2591 4288 ex
2628 4223 2770 4299 illo,

530 4315 713 4396 quod
756 4315 940 4380 intra
986 4317 1351 4382 ecclesiam
1392 4329 1628 4383 natum
1668 4330 1800 4396 est,
1841 4321 1963 4385 sed
2009 4323 2218 4386 etiam
2265 4343 2376 4386 ex·
2403 4320 2548 4398 illo,
2586 4323 2771 4407 quod

528 4421 737 4475 extra
784 4411 882 4496 (n.
932 4415 1301 4500 318-328):
1376 4419 1476 4480 ita
1520 4437 1611 4481 ex
1660 4417 1976 4482 omnibus
2023 4439 2062 4483 a
2108 4419 2327 4503 primo
2373 4430 2530 4484 ortu
2574 4419 2772 4503 hujus

530 4508 819 4590 telluris,
866 4513 979 4594 qui
1021 4513 1091 4576 in
1136 4513 1321 4578 bono
1366 4516 1712 4581 vixerunt.
1801 4514 2084 4598 Quanta
2131 4518 2505 4584 multitudo
2547 4519 2771 4584 homi-

531 4625 691 4671 num
748 4609 817 4672 in
866 4611 1183 4676 universo
1220 4611 1351 4676 hoc
1390 4621 1730 4678 terrarum
1777 4614 1942 4680 orbe
1999 4625 2131 4694 est,
2171 4619 2454 4700 quisque
2512 4618 2623 4700 qui
2683 4617 2770 4682 de
