3371 5304
1212 629 1321 684 DE
1362 626 1756 694 CONJUGus
1797 629 1882 681 IN
1927 628 2204 685 CAELo.
2703 636 2830 702 239

588 790 705 873 Ex
740 790 849 857 his
884 799 1107 875 patet,
1144 797 1331 876 quod
1367 797 1688 882 conjugia
1731 798 1802 863 in
1847 799 2058 867 caelis
2095 820 2233 865 non
2271 800 2410 867 sint
2447 802 2628 867 sicut
2667 822 2834 867 con-

584 888 771 971 iugia
800 887 869 951 in
901 889 1140 966 terris3
1184 888 1253 951 in
1291 892 1501 959 caelis
1533 903 1693 959 sunt
1727 896 2008 977 nuptiae
2039 896 2454 977 spirituales,
2489 916 2663 980 quae
2693 916 2832 961 non

590 984 871 1065 nuptiae
929 982 1289 1055 vocandae
1342 998 1531 1065 sunt,
1586 990 1710 1055 sed
1769 988 2291 1071 conjunctiones
2348 993 2680 1056 mentium
2743 1012 2834 1056 ex

588 1078 909 1163 conjugio
953 1082 1115 1147 boni
1156 1091 1231 1147 et
1278 1084 1443 1159 veri,
1482 1084 1553 1147 in
1600 1084 1803 1148 terris
1847 1093 2083 1149 autem
2129 1097 2291 1150 sunt
2339 1088 2638 1167 nuptiae,
2679 1087 2836 1169 quia

588 1194 727 1239 non
776 1176 997 1240 solum
1035 1177 1311 1259 spiritus
1356 1188 1542 1256 sunt,
1590 1180 1716 1242 sed
1767 1178 1982 1242 etiam
2027 1180 2294 1243 carnis:
2363 1190 2436 1244 et
2489 1182 2646 1263 quia
2694 1200 2833 1244 non

589 1271 873 1351 nuptiae
903 1278 1063 1337 sunt
1100 1273 1169 1335 in
1207 1271 1442 1347 caelis,
1478 1273 1635 1337 ideo
1672 1273 1814 1337 bini
1845 1272 2176 1356 conjuges
2213 1275 2306 1337 ibi
2345 1294 2481 1339 non
2515 1274 2836 1337 dicuntur

588 1365 875 1429 maritus
906 1374 979 1429 et
1014 1386 1209 1441 uxor,
1244 1367 1367 1432 sed
1400 1365 1654 1448 conjux
1687 1366 1974 1431 alterius
2009 1388 2102 1431 ex
2133 1368 2290 1433 idea
2321 1368 2635 1451 angelica
2667 1387 2832 1432 con-

584 1456 953 1539 junctionis
997 1461 1279 1527 duarum
1326 1464 1663 1527 mentium
1709 1462 1778 1525 in
1825 1482 2056 1537 unam,
2102 1472 2389 1528 vocatur
2433 1482 2606 1528 voce
2659 1483 2836 1545 quae

586 1554 933 1636 significat
992 1574 1187 1618 suum
1243 1564 1553 1619 mutuum
1610 1558 1935 1621 vicissim.
2020 1556 2136 1621 Ex
2193 1557 2299 1622 his
2357 1560 2515 1621 sciri
2573 1568 2832 1639 potest,

586 1650 937 1731 quomodo
974 1650 1433 1733 intelligenda
1468 1661 1632 1719 sunt
1668 1651 1950 1717 Domini
1979 1652 2192 1717 verba
2227 1653 2317 1719 de
2355 1653 2612 1735 nuptiis
2647 1651 2830 1733 (Luc.

588 1740 769 1809 ¹¹¹xx·
810 1758 911 1825 35.
955 1744 1087 1827 36)-

713 1837 917 1923 383·
978 1838 1353 1921 Quomodo
1396 1839 1718 1923 conjugia
1775 1842 1844 1905 in
1903 1840 2118 1907 caelis
2161 1842 2538 1916 sociantur,
2585 1841 2832 1905 datum

586 1953 859 2017 quoque
896 1944 1007 1999 est
1044 1935 1298 2003 videre.
1390 1934 1637 2001 Ubivis
1680 1936 1750 1999 in
1797 1936 1996 2001 caelo
2029 1937 2516 2001 consociantur
2551 1934 2834 2011 similes„

586 2048 667 2093 ac
714 2029 1173 2093 dissociantur
1210 2029 1618 2107 dissimiles;
1666 2029 1828 2094 inde
1867 2032 2286 2114 unaquaevis
2321 2030 2623 2095 societas
2659 2030 2836 2095 caeli

585 2144 679 2187 ex
716 2122 1048 2187 similibus
1085 2124 1444 2187 consistit:
1494 2122 1756 2189 similes
1792 2125 1882 2189 ad
1928 2124 2184 2189 similes
2221 2124 2528 2189 feruntur
2564 2144 2702 2189 non
2739 2146 2833 2189 ex

587 2238 661 2283 se
719 2218 843 2281 sed
895 2237 987 2281 ex
1048 2217 1351 2283 Domino
1412 2216 1761 2300 (videatur
1805 2239 2028 2301 supra,
2069 2239 2136 2285 n.
2179 2236 2286 2300 41.
2323 2236 2431 2299 43,
2467 2236 2576 2298 44,
2614 2218 2832 2303 seq.):

586 2314 839 2393 pariter
870 2311 1123 2394 conjux
1154 2313 1243 2379 ad
1282 2312 1669 2395 conjugem,
1699 2332 1984 2396 quorum
2015 2324 2290 2378 mentes
2318 2312 2642 2395 conjungi
2673 2334 2831 2396 pos·

586 2418 747 2473 sunt
778 2409 847 2473 in
878 2426 1085 2471 unam
1114 2428 1131 2486 ς
1176 2420 1601 2490 quapropter
1637 2410 1726 2471 ad
1765 2410 2054 2490 primum
2087 2406 2442 2491 aspectum
2477 2428 2553 2473 se
2590 2409 2834 2473 intime

586 2510 845 2577 amant,
880 2510 952 2565 et
990 2501 1229 2565 vident
1270 2521 1342 2565 se
1378 2500 1730 2583 conjuges,
1769 2511 1842 2566 et
1881 2502 2120 2565 ineunt
2159 2499 2572 2583 conjugium.
2661 2501 2834 2565 Inde

586 2606 716 2672 est,
738 2596 921 2680 quod
955 2596 1186 2660 omnia
1218 2594 1533 2678 conjugia
1564 2596 1737 2660 caeli
1770 2597 1909 2662 sint
1941 2615 2032 2659 ex
2067 2594 2218 2660 solo
2250 2595 2571 2660 Domino.
2661 2596 2718 2660 F
2722 2616 2830 2661 es·

586 2701 735 2754 tum
772 2692 983 2756 etiam
1014 2690 1395 2766 celebrant,
1428 2691 1613 2773 quod
1650 2689 1728 2754 fit
1765 2693 1833 2755 in
1872 2701 2223 2756 conventu
2255 2691 2544 2772 plurium
2576 2711 2592 2770 ;
2639 2689 2831 2756 sesti-

584 2787 841 2852 vitates
878 2785 1197 2850 differunt
1236 2786 1305 2850 in
1341 2786 1818 2850 societatibus.

709 2881 913 2964 384.
978 2878 1314 2962 Conjugia
1356 2882 1427 2945 in
1473 2880 1698 2955 terris,
1739 2880 1897 2963 quia
1944 2889 2104 2944 sunt
2151 2879 2517 2945 seminaria
2561 2880 2834 2962 generis

584 2974 885 3050 humani,
920 2984 991 3039 et
1029 2995 1299 3058 quoque
1330 2974 1739 3056 angelorum
1773 2974 1970 3050 caeli,
2011 2973 2204 3056 (nam
2241 2985 2316 3038 ut
2363 2993 2566 3056 supra
2603 2975 2672 3037 in
2709 2993 2836 3038 suo

586 3070 880 3135 articulo
914 3079 1275 3135 ostensum
1334 3079 1467 3146 est,
1508 3068 1793 3136 Caelum
1853 3079 1962 3134 est
2017 3090 2110 3134 ex
2167 3069 2472 3134 humano
2515 3067 2830 3152 genere‚)

585 3174 733 3230 tum
770 3165 931 3248 quia
984 3185 1075 3229 ex
1134 3164 1473 3248 spirituali
1510 3165 1778 3246 origine
1823 3172 2008 3239 sunt,
2049 3183 2302 3247 nempe
2360 3184 2452 3228 ex
2511 3162 2834 3244 conjugio

584 3260 745 3324 boni
783 3269 855 3323 et
894 3260 1059 3334 veri,
1098 3279 1180 3326 ac
1220 3259 1543 3324 Divinum
1586 3259 1864 3324 Domini
1901 3259 1967 3322 in
2007 3258 2198 3324 illum
2236 3277 2543 3322 amorem
2579 3258 2834 3341 princi-

584 3356 834 3439 paliter
870 3354 1109 3430 influit,
1150 3355 1309 3418 ideo
1344 3355 1788 3418 sanctissima
1821 3363 1985 3418 sunt
2031 3373 2264 3418 coram
2303 3351 2574 3435 angelis
2610 3351 2830 3430 caeli;

585 3459 657 3514 et
694 3449 992 3514 vicissim
1026 3449 1387 3524 adulteria,
1420 3449 1581 3530 quia
1616 3457 1776 3511 sunt
1811 3448 2160 3512 contraria
2189 3447 2408 3511 amori
2439 3444 2832 3528 conjugiali,

585 3542 983 3626 spectantur
1029 3544 1117 3608 ab
1154 3544 1289 3608 illis
1336 3554 1412 3607 ut
1459 3542 1780 3625 profana:
1851 3560 2010 3606 nam
2049 3541 2282 3623 angeli
2321 3542 2501 3606 sicut
2547 3541 2616 3605 in
2663 3559 2830 3608 con-

583 3639 783 3722 jugiis
828 3635 1143 3721 spectant
1192 3637 1583 3719 conjugium
1622 3637 1786 3702 boni
1829 3648 1902 3701 et
1949 3637 2112 3711 veri,
2153 3635 2336 3719 quod
2381 3645 2490 3699 est
2537 3634 2832 3708 caelum,

584 3736 683 3798 ita
720 3734 787 3798 in
818 3733 1179 3800 adulteriis
1212 3731 1529 3814 spectant
1567 3731 1959 3814 conjugium
1990 3730 2142 3795 salsi
2175 3741 2248 3795 et
2287 3730 2471 3804 mali,
2506 3729 2690 3812 quod
2721 3739 2830 3792 est

584 3829 917 3892 infernum
946 3849 961 3892 :
1011 3837 1429 3912 quapropter
1461 3827 1837 3890 dummodo
1871 3827 2156 3890 audiunt
2191 3825 2524 3888 nominari
2557 3819 2830 3886 adulte-

584 3926 776 4000 rium,
812 3944 887 3988 se
925 3932 1289 4000 avertunt;
1338 3942 1510 4006 quae
1547 3923 1756 3984 etiam
1796 3931 1906 3985 est
1943 3941 2173 3996 causa,
2209 3920 2390 4004 quod
2430 3921 2583 3982 cu'm
2622 3917 2830 3980 homo

584 4019 996 4083 adulterium
1047 4019 1425 4082 committit
1486 4037 1575 4081 ex
1624 4016 1950 4098 jucundo,
2001 4014 2366 4079 claudatur
2411 4015 2476 4078 ei
2519 4012 2830 4090 caelum;

584 4135 719 4198 quo
778 4113 1015 4180 clauso
1074 4133 1213 4178 non
1272 4111 1568 4194 amplius
1612 4111 1932 4192 agnoscit
1995 4109 2340 4184 Divinum,
2387 4127 2514 4172 nec
2573 4106 2830 4190 aliquid

582 4207 741 4274 fidei
785 4205 1203 4277 ecclesiae.(⁸)
1293 4205 1499 4288 Quod
1547 4225 1790 4269 omnes
1843 4205 1954 4290 qui
2011 4205 2080 4268 in
2141 4203 2410 4268 inferno
2455 4210 2638 4277 sunt,
2688 4203 2828 4265 sint

1360 4424 1460 4504 μα
1484 4434 1679 4466 natatus
1703 4422 2046 4474 caum„

714 4531 767 4598 s)
817 4528 995 4656 guod
1022 4527 1323 4614 adulteria
1346 4527 1469 4584 sint
1494 4523 1748 4598 prolana
1777 4529 1856 4594 (n.
1883 4523 2040 4594 9961,
2074 4523 2290 4592 10174).

750 4616 831 4656 uo
903 4601 1195 4658 adulteris
1226 4599 1543 4654 claudatur
1564 4598 1800 4654 caelum
1832 4599 1912 4666 (n.
1941 4593 2096 4666 275[?
2125 4593 2337 4666 27501).
