3371 5304
1266 648 1667 703 COLLECTA
1715 651 1814 701 DE
1859 650 2248 702 SCIENTIIS.
2751 654 2879 721 219

745 816 925 892 Quod
943 819 1027 879 illi
1042 820 1147 891 qui
1172 820 1231 875 id
1258 819 1493 877 iaciunt
1515 819 1663 877 fiant
1680 820 1890 877 vesani
1908 820 2108 893 quoad
2135 820 2236 877 illa
2259 836 2414 894 quae
2427 821 2580 878 caeli
2595 830 2662 879 et
2683 822 2874 878 eccle·

638 888 762 947 siae
787 900 931 946 sunt
957 892 1037 959 (n.
1070 892 1353 959 128-130).

806 961 925 1019 uod
949 962 1172 1019 cadant
1196 961 1256 1016 in
1282 961 1433 1019 falsa
1456 960 1597 1017 mali
1624 964 1708 1031 (ιι.
1735 976 1856 1032 23²·
1883 976 2004 1031 233.
2027 960 2211 1031 6047).

747 1100 780 1115 ..
797 1040 824 1086 t
846 1032 1011 1102 quod
1039 1032 1099 1087 in
1124 1032 1313 1091 altera
1334 1032 1477 1095 vita.
1502 1048 1643 1089 eum
1670 1032 1752 1088 de
1780 1032 2192 1104 spiritualibus
2213 1033 2504 1106 cogitant,
2529 1032 2678 1091 fiant
2701 1034 2870 1106 quasi

637 1101 1171 1299 (2ωὲἓίοὲᾟὲᾎο
1194 1182 1339 1229 sunt
1363 1173 1445 1257 (n.
1482 1174 1625 1243 196).
1775 1244 1788 1257 ·
1828 1244 1842 1257 ·
1978 1244 1990 1257 ·
2345 1243 2358 1258 ⁸
2546 1245 2560 1257 ·
2715 1244 2728 1259 ·

637 1245 1051 1371 samii-2⁰3¹&
1080 1245 1461 1371 {lixffittt
1492 1244 2650 1385 3152‘33ffp2094.¹‘¹‘”⁸3226?3303²?3309⁹3².“¹”‘’
2679 1260 2730 1301 ⁸²
2767 1260 2874 1317 ¹’“

743 1382 923 1457 Quod
961 1385 1134 1439 multi
1166 1385 1386 1439 eruditi
1418 1386 1477 1439 in
1510 1385 1918 1455 spiritualibus
1949 1387 2084 1456 plus
2113 1384 2416 1440 insaniant
2435 1401 2616 1457 quam
2642 1386 2871 1468 simpli·-

634 1470 749 1515 ces.
775 1472 851 1511 ex
868 1471 1049 1510 causa
1066 1456 1209 1525 quia
1228 1457 1289 1509 in
1310 1456 1593 1527 negativo
1610 1467 1768 1517 sunt,
1789 1456 1953 1528 quod
1981 1473 2087 1527 per
2109 1456 2453 1517 scientifica.
2475 1472 2628 1527 quae
2651 1458 2872 1528 jugiter

634 1535 697 1581 et
722 1526 781 1580 in
806 1527 983 1597 copia
1006 1542 1208 1581 coram
1232 1525 1366 1582 visu
1392 1542 1601 1581 eorum
1628 1538 1774 1581 sunt
1797 1526 2157 1582 confirmant
2181 1527 2263 1596 (n.
2290 1527 2446 1593 4760.
2476 1527 2658 1598 8629).

741 1648 918 1722 Quod
958 1651 1100 1721 quia
1134 1666 1209 1705 ex
1238 1650 1584 1706 scientificis
1614 1651 2048 1706 ratiocinantur
2069 1660 2282 1705 contra
2302 1668 2445 1707 vera
2473 1652 2630 1713 fidei.
2657 1653 2872 1707 acriter

634 1722 1079 1805 ratiocinemur,
1106 1722 1247 1805 quia
1268 1738 1342 1777 ex
1368 1720 1616 1776 fallaciis
1646 1738 1948 1785 sensuum,
1967 1738 2122 1794 quae
2144 1732 2391 1793 captant
2407 1733 2470 1779 et
2488 1723 2868 1794 persuadent,

634 1792 1839 1947 quss'allacieag'gengugsszaeaggtsgffles
1865 1864 1948 1931 (n.
1979 1862 2129 1933 5084,
2163 1875 2313 1931 5094,
2339 1862 2495 1929 6400,
2525 1863 2710 1933 6948).

738 1932 917 2005 Quod
943 1932 1046 2004 qui
1072 1934 1223 1987 nihil
1237 1932 1363 1988 veri
1384 1932 1742 2009 intelligunt,
1763 1942 1826 1988 et
1849 1948 2089 2004 quoque
2108 1934 2210 2003 qui
2239 1934 2298 1988 in
2325 1934 2484 1989 malo
2502 1945 2659 1996 sunt.
2685 1934 2868 1990 ratio-

631 2002 818 2059 cinari
895 2014 1078 2059 ueant
1106 2005 1180 2059 de
1210 2005 1369 2059 veris
1396 2013 1459 2059 et
1493 2004 1671 2059 bonis
1709 2002 1867 2066 fidei.
1898 2014 1961 2059 et
1997 2014 2201 2059 tamen
2239 2020 2362 2059 non
2401 2004 2735 2077 intelligere
2766 2006 2868 2060 illa

854 2021 893 2075 q
910 2074 935 2129 ?

635 2076 717 2229 (⁰1
737 2076 915 2217 8111ἒὲ
955 2075 1535 2199 31241113'confirmare
1573 2145 1794 2216 dogma
1825 2160 1947 2199 non
1978 2144 2059 2228 sit
2091 2144 2496 2217 intelligentis,
2528 2147 2633 2200 sed
2661 2146 2867 2202 videre

631 2231 793 2286 prius
816 2227 1137 2287 antequam
1163 2215 1568 2279 confirmatur,
1595 2232 1740 2270 num
1764 2231 1974 2271 verum
2000 2226 2080 2271 sat
2101 2216 2199 2271 vel
2224 2232 2346 2271 non
2377 2219 2458 2286 (n.
2475 2228 2632 2284 4741.
2659 2217 2843 2285 6047).

735 2342 914 2417 Quod
952 2344 1237 2401 scientiae
1356 2354 1414 2401 st
1452 2354 1708 2399 mortem
1749 2344 1898 2399 nihil
1937 2343 2178 2407 faciant,
2207 2346 2314 2401 sed
2351 2361 2506 2419 quae
2545 2347 2732 2403 homo
2761 2362 2868 2418 per

628 2414 907 2469 scientias
932 2414 1131 2469 hausit
1157 2416 1281 2469 inte
1306 2412 1463 2470 106111
1488 2426 1550 2471 et
1573 2416 1703 2471 vita
1729 2418 1809 2483 (n.
1837 2414 2019 2483 2480).

735 2484 915 2557 Quod
955 2502 1147 2557 usque
1175 2486 1380 2541 omnia
1407 2485 1738 2541 scientifica
1769 2496 1907 2556 post
1938 2496 2194 2541 mortem
2226 2496 2526 2551 maneant,
2557 2488 2662 2543 sed
2700 2489 2862 2560 quod

628 2556 940 2629 quiescant
971 2558 1052 2626 (ιι.
1081 2556 1413 2626 2476-2419.
1446 2556 1809 2624 2481—2486).

732 2675 913 2748 Quod
952 2676 1162 2731 eadem
1200 2675 1530 2732 scientifica
1558 2675 1718 2746 apud
1753 2677 1943 2731 malos
1971 2675 2092 2732 sint
2123 2675 2288 2739 falsa,
2314 2678 2455 2748 quia
2489 2677 2867 2749 applicantur

624 2747 701 2805 ad
730 2747 901 2808 mala,
924 2759 990 2804 et
1012 2747 1173 2818 apud
1200 2749 1393 2810 bonos
1417 2747 1724 2872 1101αὲ019.
1744 2746 2123 2818 applicantur
2145 2748 2220 2804 ad
2249 2749 2472 2802 bonum
2503 2751 2584 2818 (ιι.
2607 2750 2792 2819 6917).

733 2815 910 2892 Quod
937 2834 1079 2874 vera
1106 2817 1435 2874 scientifica
1462 2833 1579 2889 apu
1658 2818 1848 2872 malos
1875 2835 1996 2872 non
2021 2819 2144 2873 sint
2167 2835 2326 2880 vera,
2351 2830 2658 2892 utcunque
2681 2837 2864 2892 appa-

625 2897 761 2943 rent
796 2897 865 2942 ut
894 2904 1035 2943 vera
1070 2889 1215 2942 dum
1253 2887 1583 2960 loquuntur
1622 2887 1738 2950 illa.
1764 2888 1908 2960 quia
1945 2889 2108 2946 intus
2146 2888 2206 2943 in
2246 2889 2362 2943 illis
2387 2899 2482 2946 est
2519 2891 2739 2946 malum
2781 2893 2864 2962 (ιι.

630 2960 844 3028 10331).

630 3077 940 3219 ¹9’guinilis
976 3079 1199 3151 cupido
1236 3079 1463 3136 sciendi
1503 3079 1819 3150 spiritibus
1854 3090 1964 3143 est.
1996 3080 2337 3152 exemplum
2380 3083 2461 3150 (ιι.
2492 3081 2680 3153 1993[?
2711 3096 2861 3154 1973.

729 3219 909 3304 Quod
936 3220 1095 3303 apud
1112 3221 1363 3304 angelos
1380 3221 1460 3276 sit
1480 3221 1844 3278 desiderium
1863 3221 2094 3278 sciendi
2113 3233 2178 3278 et
2194 3222 2466 3306 sapiendi
2487 3221 2860 3306 immensum.

622 3306 905 3363 quomam
938 3302 1203 3354 scientia,
1233 3292 1633 3364 intelligentia
1654 3303 1719 3348 et
1744 3293 2040 3364 sapientia
2064 3303 2206 3348 sunt
2231 3294 2400 3348 cibus
2425 3309 2453 3348 s
2497 3294 2752 3350 intualis
2779 3298 2860 3364 (ιι.

624 3375 777 3430 3114.
802 3373 959 3430 4459.
989 3373 1147 3430 4792.
1174 3361 1330 3430 4976.
1375 3375 1527 3431 5147.
1563 3375 1905 3441 52915349.
1948 3375 2101 3434 5342.
2138 3375 2290 3432 5419.
2327 3375 2426 3433 542
2466 3405 2480 3426 .
2517 3365 2670 3435 5576.
2706 3365 2857 3438 5⁵82·

624 3432 777 3502 5588.
809 3431 1012 3516 56561),
1028 3431 1203 3516 56551·
1226 3433 1386 3516 ⁶²⁷7·
1410 3433 1569 3502 ⁸⁵⁶²·
1592 3435 1780 3518 9⁰0³).·
1898 3503 1910 3516 .
2028 3504 2042 3518 .
2585 3505 2598 3520 .

727 3502 907 3576 Quod
932 3514 1182 3558 scientia
1208 3513 1593 3574 antiquorum
1624 3503 1805 3563 fuerit
1827 3513 2084 3563 scientia
2105 3505 2772 3575 correspondentiamm
2796 3518 2860 3562 et

622 3573 1254 3644 repraesentationum,
1278 3591 1389 3658 per
1418 3590 1605 3658 quam.
1630 3573 1690 3628 in
1717 3574 2126 3658 cognitionem
2158 3575 2556 3658 spiritualium
2583 3593 2646 3631 se
2674 3575 2858 3632 intro-

619 3644 939 3705 duxerunt.
958 3644 1065 3700 sed
1085 3645 1251 3716 quod
1274 3645 1379 3702 nlla
1394 3657 1647 3702 seientia
1666 3646 1850 3701 hodie
1867 3661 2110 3716 prorsus
2125 3646 2477 3702 oblitterata
2499 3657 2580 3701 sit
2602 3649 2682 3716 (11.
2699 3648 2856 3714 4844.

617 3727 773 3784 4749.
798 3715 955 3784 4964.
980 3715 1166 3785 4965)-

724 3833 905 3908 Quod
936 3851 1081 3890 vera
1112 3835 1447 3908 spiritualia
1482 3851 1605 3892 non
1642 3836 2073 3906 comprehendi
2106 3836 2360 3908 possint,
2391 3836 2506 3892 nisi
2543 3839 2860 3907 sequentia

619 3906 765 3961 haec
801 3906 1161 3961 universalia
1190 3907 1485 3962 sciantur:
1523 3923 1756 3977 nempe,
1797 3906 1881 3975 (i.)
1912 3904 2091 3979 Quod
2129 3907 2334 3962 omnia
2373 3908 2432 3962 in
2472 3907 2755 3963 universo
2790 3925 2855 3963 se

618 3976 877 4032 referant
899 3977 975 4032 ad
1002 3978 1229 4031 bonum
1254 3987 1317 4032 et
1335 3993 1560 4040 verum,
1580 3987 1643 4032 et
1668 3979 1745 4032 ad
1771 3975 2258 4048 conjunfflionem
2286 3979 2614 4049 utriusque,
2641 3987 2708 4032 ut
2733 3979 2856 4034 sint

615 4047 859 4120 aliquid,
877 4047 963 4104 ita
986 4048 1063 4103 ad
1080 4063 1345 4103 amorem
1367 4058 1431 4104 et
1448 4047 1629 4104 fidem
1648 4058 1714 4104 et
1730 4063 1938 4103 eorum
1959 4046 2470 4119 conjunclionem.
2537 4049 2648 4116 (ii.)
2673 4047 2854 4132 Quod

614 4119 772 4192 apud
800 4119 1108 4174 hominem
1135 4119 1215 4174 sit
1241 4117 1583 4175 intellectus
1604 4129 1667 4174 et
1693 4119 1992 4182 voluntas.
2018 4129 2082 4175 et
2106 4121 2270 4190 quod
2299 4118 2636 4175 intellectus
2659 4131 2739 4176 snt
2765 4137 2856 4176 re·-

614 4189 991 4259 ceptaculum
1019 4189 1143 4244 veri
1170 4204 1239 4243 ac
1262 4189 1545 4246 voluntas
1570 4189 1747 4252 boni:
1785 4199 1848 4245 et
1877 4189 2040 4260 quod
2065 4189 2270 4244 omnia
2299 4191 2374 4244 ad
2402 4190 2543 4244 bina
2570 4191 2668 4246 illa
2691 4191 2852 4261 apud

616 4259 924 4315 hominem
950 4277 1019 4316 se
1048 4259 1325 4322 referant,
1350 4269 1413 4315 et
1442 4261 1516 4315 ad
1548 4257 2040 4331 conjunclionem
2073 4261 2330 4322 illorum,
2359 4261 2516 4316 sicut
2543 4261 2748 4316 omnia
2777 4263 2852 4316 ad

612 4347 819 4386 verum
858 4339 923 4384 et
954 4332 1197 4394 bonum.
1226 4347 1297 4386 ac
1328 4347 1535 4386 eorum
1566 4329 2080 4416 conjunilionem.
2157 4331 2288 4401 (iii.)
2338 4331 2518 4404 Quod
2549 4331 2735 4390 homo
2765 4333 2852 4392 in·

611 4410 821 4456 ternus
839 4402 919 4458 sit
945 4413 1007 4457 et
1031 4412 1333 4466 externus,
1352 4412 1416 4458 et
1430 4401 1593 4472 quod
1617 4402 1701 4457 illi
1729 4403 1888 4456 inter
1916 4417 1980 4456 se
2005 4400 2270 4458 distine'ii
2297 4403 2418 4458 sint
2441 4403 2598 4458 sicut
2619 4402 2850 4458 caelum

612 4482 674 4526 et
700 4474 989 4536 mundus;
1029 4483 1091 4528 et
1110 4482 1317 4528 tamen
1348 4473 1511 4544 quod
1545 4489 1734 4526 unum
1767 4473 2031 4528 debeant
2059 4471 2273 4535 facere.
2298 4483 2366 4527 ut
2397 4473 2586 4526 homo
2610 4473 2688 4528 sit
2711 4489 2851 4529 vere

612 4543 815 4598 homo.
889 4543 1017 4617 (iv.)
1069 4542 1253 4616 Quod
1291 4544 1396 4598 lux
1432 4544 1582 4598 caeli
1618 4543 1700 4598 eit
1738 4543 1798 4597 in
1825 4559 1946 4614 qua
1983 4544 2255 4599 internus
2293 4541 2476 4598 hom'o
2512 4553 2621 4606 est,
2653 4553 2716 4598 et
2751 4545 2851 4600 lux

614 4614 821 4670 mundi
849 4613 911 4670 in
930 4629 1051 4688 qua
1073 4624 1385 4677 externus:
1422 4624 1485 4672 et
1504 4614 1671 4686 quod
1693 4614 1798 4670 lux
1822 4615 1972 4671 caeli
1998 4614 2080 4670 sit
2104 4616 2296 4686 ipsum
2321 4613 2608 4671 Divinum
2625 4613 2850 4672 Verum

3353 4105 3364 4963 ——...—--——-—-.-—..—.-..-.——r——-.-—..—
