3371 5304
761 683 1090 734 MALITIA
1128 683 1228 734 m·
1264 681 1514 736 ARTES
1549 683 1962 738 SPIRITUUM
1994 679 2557 739 imRNALIUM.
2667 687 2789 756 373

540 864 837 918 externa
865 853 1240 937 probitate,
1274 855 1701 931 sinceritate,
1728 855 2019 937 justitia,
2043 865 2119 920 et
2149 855 2511 921 affeffione
2542 857 2789 922 veriet

540 949 724 1023 boni,
767 969 936 1032 quas
979 949 1193 1013 homo
1237 950 1399 1014 talis
1445 971 1566 1015 ore
1609 951 1938 1034 praetulit
1984 959 2055 1014 et
2108 951 2457 1016 simulavit
2505 961 2793 1035 propter

540 1041 890 1118 mundum,
931 1045 1060 1107 sub
1095 1045 1338 1127 quibus
1374 1047 1474 1110 ita
1510 1047 1943 1110 reconditum
1988 1055 2063 1109 et
2110 1047 2177 1109 in
2222 1047 2517 1110 obscuro
2556 1047 2784 1122 latuit,

538 1144 614 1201 ut
655 1137 778 1202 vix
825 1139 972 1222 ipse
1019 1138 1297 1203 sciverit
1343 1141 1528 1224 quod
1575 1143 1642 1203 in
1690 1141 1935 1224 spiritu
1980 1161 2107 1204 suo
2150 1149 2353 1204 tanta
2398 1141 2664 1206 malitia
2710 1151 2785 1208 et

535 1233 794 1298 astutia
825 1235 936 1310 sit,
977 1235 1076 1298 ita
1112 1236 1294 1319 quod
1333 1237 1400 1298 i'n
1448 1255 1524 1298 se
1563 1235 1727 1298 talis
1766 1235 2081 1300 diabolus
2120 1237 2210 1299 sit
2246 1235 2469 1318 qualis
2507 1235 2583 1299 fit
2624 1247 2783 1319 post

536 1339 858 1403 mortem,
901 1349 1054 1393 cum
1095 1328 1238 1412 ejus
1277 1333 1556 1412 spiritus
1593 1333 1787 1395 venit
1827 1333 1895 1393 in
1956 1351 2061 1406 se,
2094 1349 2173 1394 ae
2230 1333 2301 1394 in
2348 1351 2541 1394 suam
2580 1343 2788 1394 natu·-

533 1442 700 1488 ram.
790 1422 986 1488 Tunc
1021 1425 1284 1488 malitia
1315 1424 1476 1488 talis
1507 1445 1582 1488 se
1613 1423 2139 1500 manifestat,'ut
2170 1426 2470 1490 excedat
2500 1443 2783 1488 omnem

533 1517 757 1583 fidem.
851 1518 1030 1584 Sunt
1069 1520 1286 1583 millia
1323 1537 1498 1603 quae
1557 1539 1649 1583 ex
1709 1519 1858 1602 ipso
1916 1517 2113 1582 malo·
2149 1531 2313 1583 tunc
2366 1530 2785 1602 erumpunt3

533 1619 715 1680 inter
775 1635 948 1698 quae
1009 1618 1220 1679 etiarn
1289 1615 1457 1679 talia
1515 1624 1699 1690 sunt,
1740 1635 1915 1698 quae
1974 1634 2111 1678 non
2164 1616 2449 1679 vocibus
2499 1615 2781 1697 alicujus

531 1711 805 1793 linguae
845 1707 1136 1792 exprimi
1173 1719 1504 1792 possunt3
1551 1709 1781 1792 qualia
1820 1719 2003 1786 sunt,
2046 1711 2280 1773 datum
2314 1720 2423 1776 est
2454 1709 2621 1773 mihi
2658 1729 2784 1792 per

530 1805 757 1888 plures
817 1806 1288 1886 experientias
1349 1806 1551 1879 scire,
1607 1814 1682 1868 et
1748 1823 2019 1887 quoque
2071 1807 2557 1889 appercipere3
2621 1808 2779 1888 quia

531 1901 694 1964 mihi
731 1901 973 1964 datum
1009 1911 1119 1964 est
1167 1919 1206 1963 a
1251 1900 1554 1964 Domino
1591 1902 1658 1963 in
1696 1900 2033 1982 spirituali
2071 1901 2329 1964 mundo
2365 1901 2589 1984 quoad
2638 1903 2773 1983 spi·

529 1996 732 2060 ritum
792 2015 969 2072 esse,
1018 2005 1090 2058 et
1159 1994 1360 2058 simul
1423 1995 1492 2058 in
1553 1994 1851 2058 naturali
1908 1995 2165 2058 mundo
2222 1996 2445 2078 quoad
2506 2015 2774 2078 corpus.

529 2087 685 2154 Hoc
723 2092 965 2154 testari
1006 2109 1306 2172 possum,
1346 2087 1529 2172 quod
1569 2087 1837 2152 malitia
1872 2105 2109 2152 eorum
2148 2097 2353 2154 tanta
2386 2090 2499 2164 sit,
2542 2101 2617 2154 ut
2654 2091 2773 2154 vix

528 2203 733 2249 unum
773 2207 863 2250 ex
899 2187 1196 2249 millibus
1229 2183 1451 2268 possit
1483 2185 1815 2248 describit
1860 2195 1933 2247 et
1970 2205 2239 2267 quoque
2274 2185 2402 2248 nisi
2436 2185 2777 2249 Dominus

527 2289 794 2344 tutetur
829 2279 1196 2354 hominem,
1239 2281 1422 2362 q‘uod
1461 2299 1600 2342 non
1640 2279 1861 2362 possit
1894 2295 2177 2361 usquam
2204 2279 2423 2343 eximi
2462 2280 2775 2358 inferno;

527 2395 684 2438 nam
719 2375 898 2458 apud
941 2375 1466 2458 unumquemvis
1495 2374 1847 2437 hominem
1888 2384 2031 2437 tam
2072 2375 2347 2455 spiritus
2384 2375 2473 2438 ab
2508 2374 2775 2440 inferno

525 2481 708 2546 sunt,
749 2489 950 2554 quam
999 2469 1228 2551 angeli
1275 2478 1314 2532 e
1360 2469 1558 2534 caelo
1605 2468 1960 2552 (videatur
2004 2486 2229 2550 supra,
2273 2489 2335 2531 n.
2384 2483 2529 2550 292,
2568 2467 2769 2552 293);

524 2575 595 2629 et
635 2565 972 2628 Dominus
1005 2583 1144 2629 non
1175 2567 1396 2628 tutari
1425 2571 1661 2646 potest
1702 2564 2075 2639 hominem,
2112 2565 2237 2628 nisi
2274 2563 2485 2626 homo
2515 2583 2774 2644 agnos·

523 2669 640 2726 eat
673 2662 1016 2737 Divinum,
1046 2672 1118 2725 et
1153 2663 1279 2724 nisi
1311 2662 1502 2724 vivat
1525 2662 1741 2725 vitam
1766 2659 1925 2723 fidei
1959 2670 2033 2723 et
2066 2661 2466 2737 charitatis;
2514 2660 2777 2743 alioqui

522 2758 702 2821 enim
751 2756 1008 2820 avertit
1053 2778 1128 2820 se
1173 2778 1214 2819 a
1261 2754 1582 2831 Domine,
1631 2776 1711 2820 ac
1756 2756 2103 2819 convertit
2149 2774 2227 2818 se
2266 2755 2355 2817 ad
2402 2754 2770 2819 infernales

521 2854 818 2934 spirituS,
849 2862 918 2915 et
955 2852 1050 2915 sic
1084 2852 1409 2914 imbuitur
1431 2851 1657 2934 quoad
1685 2850 2001 2931 spiritum
2024 2868 2219 2911 suum
2240 2849 2443 2911 simili
2463 2850 2761 2915 malitia:

519 2948 732 3011 homo
773 2966 986 3030 usque
1031 2967 1072 3009 a
1120 2948 1420 3009 Domino
1464 2947 1791 3009 continue
1836 2945 2201 3009 abducitur
2244 2964 2283 3009 a
2330 2944 2551 3018 malie„
2588 2964 2767 3027 quae

520 3056 613 3106 ex
649 3042 1170 3106 consociatione
1209 3053 1362 3104 cum
1399 3040 1536 3103 illis
1574 3041 1925 3122 spiritibus
1960 3040 2090 3103 sibi
2122 3038 2426 3120 applicat
2465 3047 2536 3102 et
2570 3042 2765 3121 quasi

517 3138 832 3213 attrahit,
867 3138 923 3201 si
955 3158 1094 3201 non
1128 3156 1252 3219 per
1279 3136 1554 3199 vincula
1586 3137 1857 3199 interna
1879 3152 2057 3217 quae
2086 3144 2245 3198 sunt
2270 3135 2773 3215 conscientiae,

518 3226 692 3316 quae
732 3252 867 3297 non
907 3234 1151 3315 recipit
1190 3233 1248 3295 si
1281 3242 1500 3313 negat
1540 3230 1886 3305 Divinum,
1930 3246 2143 3311 usque
2178 3238 2415 3293 tamen
2454 3248 2575 3311 per
2613 3231 2767 3293 vin-

519 3328 674 3391 cula
709 3338 1026 3405 externa,
1062 3348 1242 3411 quae
1267 3334 1460 3401 sunt,
1497 3334 1572 3389 ut
1609 3343 1815 3406 supra
1852 3322 2107 3389 dietum
2132 3334 2279 3399 -est,
2312 3326 2596 3387 timores
2638 3346 2775 3406 pro·

518 3422 677 3505 lege
736 3433 808 3486 et
867 3422 1009 3503 ejus
1071 3424 1332 3505 poenis,
1381 3440 1643 3504 proque
1695 3418 1963 3500 jactura
2017 3419 2205 3493 lucri,
2244 3428 2318 3482 et
2376 3420 2761 3501 privatione

515 3516 797 3581 honoris
854 3526 926 3581 et
986 3517 1227 3581 famae.
1321 3516 1556 3579 Homo
1601 3516 1764 3578 talis
1816 3514 2089 3596 quidem
2135 3512 2378 3576 abduci
2423 3523 2659 3595 potest
2718 3532 2761 3579 a

517 3612 715 3676 malis
761 3631 883 3694 per
919 3610 1218 3693 jucunda
1243 3612 1368 3678 'sui
1390 3611 1666 3685 amoris,
1708 3618 1781 3675 et
1828 3627 1949 3691 per
1983 3609 2301 3672 timorem
2334 3605 2639 3688 jaEturae
2684 3616 2757 3673 et

517 3706 918 3790 privationis
940 3724 1176 3771 eorum
1207 3726 1225 3783 ς
1266 3706 1392 3769 sed
1425 3724 1562 3769 non
1587 3712 1827 3788 potest
1854 3703 2107 3767 adduci
2126 3702 2193 3765 in
2226 3702 2409 3763 bona
2434 3703 2757 3782 spiritua·

516 3802 650 3881 lia·;
719 3820 876 3866 nam
937 3812 1270 3885 quantum
1329 3802 1398 3863 in
1455 3801 1628 3863 haec
1679 3798 2065 3871 adducitur,
2112 3806 2383 3867 tantum
2442 3797 2623 3878 apud
2682 3817 2759 3861 se

514 3906 746 3961 versat
791 3897 1084 3961 astutias
1131 3906 1202 3960 et
1263 3896 1484 3971 dolos,
1533 3892 1921 3957 simulando
1974 3901 2046 3955 et
2108 3890 2507 3954 mentiendo
2550 3892 2755 3965 bona,

515 3994 805 4068 sincera,
854 4001 926 4056 et
978 3990 1202 4073 justa,
1228 3990 1362 4053 fine
1409 3988 1863 4071 persuadendi
1924 3996 1997 4049 e't
2050 3988 2147 4049 sic
2194 3985 2517 4062 sallendi;
2582 3985 2753 4051 haec

515 4088 770 4151 astutia
803 4101 876 4150 se
909 4086 1102 4151 addit
1135 4085 1324 4149 malo
1352 4084 1493 4164 ejus
1527 4085 1826 4166 spiritua,
1860 4096 1941 4145 ac
1978 4082 2229 4145 format
2262 4078 2451 4152 illud,
2484 4088 2557 4143 et
2594 4078 2757 4145 facit

517 4190 592 4246 ut
629 4181 718 4245 sit
758 4177 1036 4257 malurn,
1080 4180 1284 4264 quale
1317 4190 1430 4243 est
1466 4180 1533 4242 in
1571 4196 1695 4241 sua
1732 4188 2001 4240 natura.
2076 4219 2081 4228 ·

639 4274 835 4359 578.
893 4274 1218 4338 Omnium
1265 4273 1546 4355 pessimi
1591 4280 1773 4347 sunt,
1816 4272 1927 4353 qui
1986 4270 2054 4332 in
2114 4268 2313 4331 malis
2370 4288 2461 4331 ex
2521 4286 2755 4333 amore

516 4370 616 4433 sui
654 4368 945 4445 suerunt,
980 4380 1052 4433 et
1091 4371 1203 4451 qui
1240 4367 1444 4431 simul·
1475 4369 1662 4431 intus
1700 4368 1767 4429 in
1802 4386 1877 4428 se
1912 4384 2006 4429 ex
2042 4364 2207 4427 dolo
2238 4373 2552 4444 egerunt,
2584 4383 2753 4444 quo·

517 4467 698 4527 niam
738 4463 938 4527 dolus
975 4466 1186 4527 intrat
1225 4462 1521 4546 penitius
1559 4462 2025 4542 cogitationes
2070 4468 2143 4522 et
2186 4459 2632 4531 intentiones,
2669 4474 2751 4523 ae

517 4558 728 4623 inficit
774 4560 928 4623 illas
965 4578 1257 4632 veneno,
1297 4565 1371 4621 et
1415 4558 1508 4619 sic
1549 4556 1843 4619 destruit
1882 4570 2159 4617 omnem
2194 4554 2411 4615 vitam
2458 4552 2755 4617 hominio

518 4654 964 4737 spiritualem.
1057 4652 1371 4735 Plerique
1405 4651 1677 4715 illorum
1716 4658 1877 4713 sunt
1912 4648 1983 4712 in
2018 4647 2299 4716 infernis
2334 4668 2374 4711 a
2418 4656 2641 4728 tergo,
2682 4654 2753 4710 et
