3371 5304
874 616 977 667 DE
1026 617 1409 669 DIVITIBUS
1460 616 1553 669 ET
1602 616 2069 670 PAUPERInus
2113 617 2198 669 IN
2245 614 2517 668 CAELO.
2694 616 2812 667 221

572 796 735 853 sunt
779 788 869 852 ibi
916 798 1062 853 tam
1108 787 1361 853 divites
1406 808 1612 871 quam
1659 808 2018 871 pauperes„
2066 797 2138 853 et
2186 787 2414 872 plures
2461 786 2710 852 divites
2755 787 2822 850 in
2920 802 2924 805 ·

572 883 828 966 majore
867 884 1087 967 gloria
1124 893 1196 947 et
1234 881 1568 949 felicitate
1606 902 1809 967 quam
1850 903 2207 968 pauperes..

696 977 901 1063 358·
948 978 1027 1042 In
1060 989 1499 1043 antecessum
1530 998 1913 1043 memorare
1939 980 2126 1053 licet,
2149 978 2332 1061 quod
2366 978 2574 1042 homo
2601 982 2821 1062 possit

572 1074 847 1137 divitias
878 1075 1249 1157 acquirere,
1284 1084 1357 1138 et
1394 1094 1563 1156 opes
1600 1073 1949 1138 cumulare
1987 1083 2317 1157 quantum
2352 1074 2576 1149 datur,
2611 1075 2821 1138 modo

572 1190 711 1235 non
736 1169 859 1235 fiat
888 1189 1046 1234 cum
1078 1181 1233 1235 astu
1264 1181 1338 1235 et
1370 1180 1522 1235 arte
1554 1170 1777 1251 mala;
1825 1172 2010 1253 quod
2043 1172 2264 1253 possit
2289 1170 2592 1235 delicate
2616 1172 2822 1235 edere

572 1275 646 1331 et
690 1268 948 1342 bibere,
990 1266 1201 1329 modo
1238 1286 1376 1329 non
1416 1276 1635 1348 ponat
1677 1267 1746 1329 in
1792 1286 1878 1330 eo
1924 1268 2182 1344 vitam3
2245 1266 2466 1347 possit
2503 1266 2822 1331 habitare

574 1360 935 1443 magnifice
972 1360 1347 1425 secundum
1394 1361 1910 1439 conditionem;
1967 1362 2194 1445 possit
2231 1363 2625 1424 conversari
2665 1381 2818 1425 cum
2913 1355 2922 1365 ’

571 1455 723 1520 aliis
768 1456 947 1520 sicut
994 1455 1148 1534 alii;
1211 1455 1462 1520 lusoria
1506 1456 1967 1540 frequentare,
2017 1455 2440 1520 confabulari
2485 1457 2573 1519 de
2619 1458 2822 1521 rebus

574 1551 852 1629 mundi;
920 1560 993 1615 et
1053 1550 1243 1634 quod
1284 1570 1424 1615 non
1471 1572 1645 1634 opus
1691 1551 1972 1625 habeat,
2023 1560 2098 1615 ut
2159 1551 2441 1615 incedat
2496 1551 2818 1627 devotus»,
2909 1560 2918 1571 ‘

571 1646 755 1709 tristi
800 1656 874 1709 et
934 1656 1262 1728 gemente
1308 1647 1501 1722 facie,
1550 1655 1624 1711 et
1670 1647 1900 1729 capite
1948 1656 2265 1722 nutante,
2305 1646 2428 1709 sed
2478 1645 2703 1710 laetus
2748 1657 2820 1711 et

570 1740 843 1819 hilaris;
898 1762 1025 1806 nec
1082 1752 1159 1805 ut
1216 1742 1339 1806 det
1397 1761 1521 1806 sua
1574 1742 2010 1825 pauperibuS,
2061 1741 2190 1805 nisi
2247 1750 2582 1824 quantum
2628 1743 2820 1807 ducit

570 1836 762 1899 illum
800 1834 1069 1901 affectio
1102 1856 1117 1899 :
1166 1836 1381 1901 verbo
1412 1846 1649 1920 potest
1680 1839 1908 1901 vivere
1946 1838 2016 1899 in
2053 1846 2350 1901 externa
2379 1836 2597 1900 forma
2628 1857 2822 1920 pror·

572 1948 686 1993 sus
732 1932 911 1997 sicut
955 1932 1165 1996 homo
1211 1932 1485 1996 mundi:
1554 1940 1625 1996 et
1682 1932 1868 2014 quod
1921 1931 2042 1995 illa
2085 1931 2255 1996 nihil
2301 1932 2613 2008 obstent,
2659 1934 2821 2015 quin

570 2025 783 2091 homo
819 2027 887 2090 in
926 2028 1194 2091 caelum
1224 2029 1482 2103 veniat,
1522 2027 1734 2091 modo
1770 2028 2056 2091 interius
2092 2027 2160 2090 in
2198 2045 2274 2091 se
2311 2028 2399 2091 de
2439 2027 2594 2091 Deo
2631 2028 2823 2111 cogi·

573 2131 682 2187 tet
739 2122 918 2187 sicut
964 2123 1191 2199 decet,
1232 2132 1306 2187 et
1352 2140 1506 2187 cum
1567 2123 1886 2204 proximo
1941 2124 2206 2186 sincere
2265 2132 2338 2186 et
2391 2122 2576 2204 juste
2634 2132 2824 2205 agat.

576 2216 814 2282 Homo
850 2218 1031 2281 enim
1071 2218 1233 2283 talis
1272 2228 1381 2282 est
1420 2217 1640 2301 qualis
1677 2216 1824 2299 ejus
1861 2214 2132 2281 affectio
2177 2225 2252 2281 et
2299 2218 2660 2299 cogitatio,
2703 2238 2823 2281 seu

574 2313 797 2396 qualis
840 2311 985 2395 ejus
1029 2332 1223 2377 amor
1267 2323 1341 2378 et
1386 2312 1598 2393 fides3
1656 2313 1888 2377 omnia
1934 2332 2109 2396 quae
2167 2314 2235 2376 in
2293 2314 2605 2377 externis
2649 2315 2820 2395 agit,

574 2408 735 2473 inde
780 2426 975 2473 suam
1020 2410 1235 2473 vitam
1282 2408 1593 2485 trahunt,
1634 2426 1795 2472 nam
1841 2428 2050 2490 agere
2093 2418 2202 2473 est
2249 2406 2452 2484 velle,
2502 2418 2572 2471 et
2637 2408 2824 2492 loqui

575 2513 683 2569 est
718 2504 1053 2587 cogitare,
1089 2506 1237 2587 agit
1274 2506 1457 2568 enim
1494 2524 1587 2568 ex
1631 2503 2019 2580 voluntate,
2054 2512 2126 2568 et
2166 2502 2466 2587 loquitur
2501 2524 2592 2568 ex
2630 2504 2822 2585 cogi-

576 2600 866 2665 tatione.
958 2597 1397 2683 Quapropter
1435 2619 1557 2683 per
1598 2598 1669 2664 id
1715 2599 1899 2683 quod
1945 2598 2014 2663 in
2052 2598 2291 2664 Verbo
2328 2599 2597 2675 dicitur,
2638 2599 2822 2682 quod

573 2695 787 2760 homo
831 2695 1209 2760 secundum
1253 2692 1436 2759 fac'ta
1473 2693 1910 2777 judicabitur,
1959 2704 2034 2759 et
2087 2694 2272 2778 quod
2327 2695 2388 2759 ei
2446 2694 2822 2758 secundum

576 2809 786 2872 opera
822 2791 1257 2865 retribuetur,
1290 2788 1704 2872 intelligitur
1733 2790 1919 2872 quod
1955 2790 2332 2854 secundum
2369 2789 2513 2872 ejus
2550 2791 2823 2872 cogita-

576 2887 841 2950 tionem
880 2895 953 2950 et
990 2882 1443 2960 affectionem,
1485 2903 1577 2947 ex
1616 2885 1861 2967 quibus
1891 2882 2094 2960 fac'ta,
2129 2904 2250 2948 seu
2286 2905 2461 2968 quae
2498 2885 2566 2948 in
2603 2881 2822 2960 faffls,

576 3001 736 3046 nam
780 2977 961 3046 sacta
998 2979 1247 3044 nullius
1304 2980 1402 3045 rei
1461 2989 1621 3044 sunt
1666 2979 1928 3063 absque
1986 2980 2144 3055 inis,
2183 3000 2265 3046 ac
2325 2999 2600 3062 prorsus
2658 2979 2827 3044 talia

576 3086 737 3141 sunt
782 3075 1023 3160 quales
1066 3072 1311 3140 illae.(‘')
1400 3075 1573 3139 Inde
1618 3084 1842 3158 patet,
1881 3076 2067 3160 quod
2113 3084 2482 3141 externum
2527 3075 2826 3139 hominis
2871 3155 2875 3158 ι

578 3171 746 3235 nihil
800 3171 1030 3247 faciat,
1086 3171 1211 3236 sed
1271 3173 1616 3235 internum
1676 3170 1820 3253 ejus
1883 3193 1978 3236 ex
2036 3191 2174 3255 quo
2219 3181 2609 3235 externum.
2721 3169 2827 3236 Sit

1354 3379 1457 3434 [Qu
1480 3389 1679 3422 anem
1703 3379 2058 3433 namn

688 3481 767 3551 (c)
803 3479 985 3564 Quod
1024 3481 1262 3553 saepius
1314 3481 1376 3536 in
1414 3481 1611 3537 Verbo
1652 3481 1905 3544 dicatur.
1935 3481 2100 3553 quod
2141 3479 2328 3537 homo
2365 3481 2732 3552 judicabitur
2765 3490 2829 3537 et

578 3553 742 3624 quod
767 3569 824 3608 er
851 3552 1213 3608 retribuetur
1234 3554 1563 3608 secundum
1592 3551 1753 3608 facta
1779 3562 1844 3608 et
1867 3569 2052 3623 opera
2079 3553 2158 3622 (n.
2192 3554 2374 3622 3934).

686 3621 867 3695 Quod
896 3639 1003 3694 per
1034 3631 1065 3653 ‘⁶
1080 3621 1239 3679 facta
1256 3624 1286 3644 ’⁹
1311 3634 1375 3680 et
1400 3631 1631 3694 “opera
1646 3623 1776 3678 ”ibi
1804 3640 1926 3680 non
1947 3623 2359 3695 intelligantur
2377 3621 2534 3678 faeta
2557 3633 2621 3678 et
2645 3639 2831 3694 opera

580 3695 640 3750 in
678 3705 927 3750 externa
968 3691 1177 3757 forma.
1204 3696 1310 3750 sed
1358 3695 1418 3750 in
1464 3694 1715 3756 interna.
1747 3695 2033 3766 quoniam
2065 3695 2226 3749 bona
2251 3711 2436 3766 opera
2479 3695 2537 3748 in
2578 3703 2828 3750 externa

580 3765 772 3822 forma
795 3765 1027 3820 faciunt
1056 3766 1239 3821 etiam
1270 3765 1428 3828 mali.
1448 3767 1557 3822 sed
1588 3767 1649 3820 in
1678 3775 1929 3822 externa
1956 3775 2021 3821 et
2056 3765 2234 3820 simul
2272 3765 2333 3821 in
2367 3767 2604 3820 interna
2631 3765 2828 3821 solum

580 3837 723 3892 boni
754 3839 834 3905 (n·
862 3851 1017 3906 3934·
1044 3836 1228 3921 60‚73)·
1804 3907 1819 3924 ‚
1964 3906 1978 3921 ,
2362 3905 2376 3922 ,

651 3905 831 3979 Quod
857 3923 1054 3978 opera,
1070 3917 1227 3962 sicut
1250 3923 1464 3963 omnes
1490 3905 1676 3970 actus,
1701 3923 1777 3962 ex
1804 3905 2186 3963 interioribus
2211 3905 2492 3969 hominis,
2511 3923 2664 3978 quae
2687 3916 2830 3962 sunt

578 3979 711 4050 ejus
740 3977 1130 4050 cogitationis
1154 3989 1217 4034 et
1234 3977 1586 4041 voluntatis,
1610 3993 1788 4033 suum
1815 3993 1947 4034 esse
1971 3988 2036 4034 et
2060 3978 2336 4040 existere.
2363 3987 2425 4032 et
2449 3993 2627 4033 suum
2654 3979 2830 4064 quale

579 4049 858 4110 habeant,
876 4049 1165 4120 quoniam
1194 4049 1334 4105 inde
1360 4051 1733 4120 procedunt3
1799 4059 2124 4121 uapropter
2145 4048 2348 4122 qualia
2365 4059 2510 4104 sunt
2526 4049 2828 4110 interiora,

578 4121 725 4176 talia
746 4130 891 4176 sunt
915 4135 1101 4205 opera
1128 4123 1207 4189 (n.
1236 4134 1391 4190 3934,
1419 4119 1575 4191 8911,
1608 4135 1772 4189 10331
1811 4162 1824 4176 .

690 4191 785 4247 Ita
812 4191 1014 4262 qualia
1042 4202 1185 4246 sunt
1210 4192 1495 4246 interiora
1517 4192 1720 4264 quoad
1745 4206 2013 4247 amorem
2051 4199 2116 4247 et
2149 4189 2333 4246 fidem
2374 4191 2455 4260 (n.
2489 4204 2645 4260 3934,
2669 4188 2829 4260 6073.

586 4276 685 4334 ¹⁰3
730 4261 1570 4418 'figgziigzssggflgntineapt
1597 4333 1716 4397 illa,
1734 4342 1797 4388 et
1820 4333 1945 4389 sint
1972 4334 2072 4388 illa
2097 4333 2157 4388 in
2183 4329 2402 4389 effectu
2430 4333 2514 4402 (n.
2545 4333 2760 4402 10331).

790 4419 891 4459 are
910 4405 1162 4475 judicari
1186 4416 1252 4460 et
1275 4405 1521 4460 retribm
1548 4406 1879 4460 secundum
1903 4401 2061 4461 (afta
2081 4413 2144 4460 et
2169 4419 2366 4475 opera.
2383 4415 2480 4459 est
2496 4404 2830 4459 secundum

468 4561 475 4568 .
584 4476 685 4533 ma
736 4475 1533 4546 n-3147.³934.6073.891¹·
1572 4473 2026 4546 ¹03³1010333[?
2065 4475 2306 4545 ¹0332])·

792 4545 873 4602 od
904 4561 1090 4618 opera
1112 4556 1405 4618 quantum
1424 4545 1702 4618 spectant
1725 4562 1792 4603 se
1816 4557 1881 4602 et
1905 4547 2198 4601 mundum
2225 4561 2348 4601 non
2373 4545 2497 4601 sint
2521 4545 2697 4607 bona.
2725 4545 2830 4600 sed

585 4630 880 4691 quantum
913 4615 1187 4689 speciant
1214 4617 1544 4674 Dominum
1569 4628 1631 4674 et
1657 4616 2000 4689 proximum
2029 4619 2111 4688 (n.
2139 4619 2322 4688 3147).
