3371 5304
672 622 974 674 GENTES
1003 622 1142 672 SEU
1173 619 1448 672 POPULI
1479 621 1743 672 EXTRA
1774 621 2201 672 ECCLESIAM
2234 621 2315 670 IN
2347 621 2617 671 CAELO.
2714 621 2827 690 195

579 791 980 874 intelligens
1019 811 1218 857 esse:
1268 791 1452 876 quod
1491 791 1802 856 Verbum
1840 792 2125 866 attinet,
2162 809 2313 854 cum
2360 790 2829 873 praelegerem

577 887 676 950 illi
722 887 978 970 aliquid
1026 907 1118 950 ex
1167 887 1616 969 PropheticiS,
1665 885 2050 950 delectatus
2098 894 2208 951 est
2252 905 2456 967 quam
2504 887 2829 961 maxime,

578 984 940 1065 praecipue
979 1003 1071 1046 ex
1107 1004 1218 1058 ee,
1253 983 1437 1066 quod
1475 982 1751 1064 singula
1788 983 2089 1058 nomina,
2130 990 2202 1044 et
2248 981 2563 1063 singulae
2600 1003 2827 1059 voces,

577 1077 1048 1160 significarent
1097 1079 1445 1153 interiora,
1494 1080 1783 1142 miratus
1836 1075 2041 1140 valde
2086 1077 2269 1159 quod
2316 1077 2567 1140 eruditi
2626 1077 2830 1142 hodie

577 1193 714 1238 non
749 1170 1182 1236 delectentur
1218 1172 1338 1236 tali
1373 1174 1626 1236 studio.
1703 1172 1983 1253 Percepi
2014 1171 2398 1247 manifeste,
2433 1172 2615 1254 quod
2650 1174 2829 1238 inte-

573 1269 750 1332 riora
799 1267 946 1349 ejus
997 1269 1450 1350 cogitationis
1501 1289 1622 1332 seu
1681 1269 1933 1330 mentis
1986 1277 2229 1349 aperta
2280 1276 2539 1330 essent.
2628 1267 2831 1334 Dixit

576 1362 758 1445 quod
798 1383 936 1426 non
976 1363 1220 1426 adesse
1258 1373 1520 1443 posset,
1553 1363 1711 1445 quia
1748 1359 2053 1426 sanctius
2089 1363 2472 1444 perciperet
2510 1383 2713 1444 quam
2754 1375 2829 1428 ut

575 1467 816 1538 posset
865 1459 1228 1532 sustinere,
1269 1459 1370 1522 ita
1413 1460 1596 1522 enim
1643 1458 1931 1522 interius
1976 1455 2423 1520 afficiebatur.
2512 1456 2826 1524 Tandem

571 1551 698 1616 fuit
737 1571 969 1616 sermo
1001 1571 1155 1616 cum
1192 1551 1316 1616 illo
1351 1553 1436 1616 de
1477 1550 1803 1628 Domine,
1836 1554 2021 1635 quod
2054 1562 2257 1617 natus
2288 1553 2376 1616 sit
2412 1551 2669 1628 Hom0,
2704 1555 2825 1620 sed

575 1657 956 1730 conceptus
1011 1665 1052 1712 a
1107 1648 1282 1723 Deo,
1321 1656 1395 1712 et
1449 1647 1634 1730 quod
1684 1648 1959 1712 exuerit
2012 1647 2385 1711 humanum
2438 1659 2824 1714 maternum

573 1761 653 1806 ac
693 1743 991 1806 induerit
1033 1741 1436 1806 Humanum
1474 1741 1820 1817 Divinum,
1856 1751 1931 1806 et
1972 1743 2156 1826 quod
2202 1741 2332 1804 lue
2377 1743 2469 1805 sit
2517 1744 2631 1826 qui
2678 1745 2823 1808 uni·-

568 1856 842 1900 versum
898 1839 1098 1920 regit.
1198 1836 1317 1901 Ad
1375 1835 1548 1902 haec
1601 1838 1963 1919 respondit
2017 1836 2201 1919 quod
2257 1836 2451 1918 plura
2506 1839 2683 1901 sciat
2736 1839 2823 1902 de

573 1931 894 2007 Domin0,
944 1942 1017 1996 et
1077 1933 1478 2014 appercepit
1531 1952 1654 1994 suo
1715 1933 1926 1995 modo
1984 1931 2167 2014 quod
2228 1951 2369 1996 non
2420 1931 2625 1996 aliter
2682 1931 2825 1997 fieri

573 2028 936 2109 potuisset,
973 2027 1030 2091 si
1068 2026 1454 2091 salvaretur
1488 2046 1711 2108 genus
1747 2026 2139 2090 humanum.
2233 2027 2513 2090 Interea
2547 2029 2823 2110 quidam

571 2121 942 2188 Christiani
983 2123 1145 2186 mali
1183 2122 1638 2186 infundebant
1683 2124 1875 2186 varia
1910 2121 2281 2202 scandala3
2350 2122 2473 2186 sed
2517 2123 2639 2187 illa
2682 2143 2821 2188 non

569 2218 878 2293 curabat,
929 2217 1168 2280 dicens
1215 2217 1400 2300 quod
1461 2235 1602 2280 non
1648 2217 1893 2280 mirum
1938 2218 2053 2292 sit,
2094 2217 2253 2300 quia
2303 2217 2695 2283 imbuerunt
2752 2221 2823 2284 in

567 2314 713 2378 vita
750 2312 1054 2396 corporis
1089 2313 1178 2376 de
1215 2312 1352 2376 illis
1389 2332 1530 2376 non
1568 2312 1763 2386 talia,
1804 2313 1985 2375 sicut
2022 2311 2251 2388 decet,
2292 2323 2363 2376 et
2398 2314 2581 2395 quod
2620 2323 2819 2378 ante-

567 2427 770 2490 quam
825 2409 994 2472 talia
1058 2408 1368 2471 discussa
1411 2407 1687 2481 fuerint,
1736 2426 1874 2470 non
1933 2406 2301 2472 admittere
2354 2416 2643 2490 possent
2700 2409 2823 2474 illa

564 2523 738 2586 quae
779 2502 1214 2577 confirmant,
1255 2503 1434 2566 sicut
1473 2503 1516 2566 ii
1554 2503 1666 2584 qui
1708 2504 2055 2584 ignorant.

687 2607 881 2680 323·
944 2597 1167 2682 Loqui
1215 2599 1428 2663 etiam
1475 2597 1715 2663 datum
1762 2605 1871 2661 est
1920 2616 2073 2661 cum
2122 2595 2295 2671 aliis,
2344 2598 2458 2682 qui
2518 2601 2818 2684 antiquis

561 2694 988 2775 temporibus
1037 2695 1382 2769 vixerant,
1431 2702 1504 2757 et
1563 2694 1675 2775 qui
1738 2703 1902 2757 tunc
1950 2693 2131 2756 inter
2176 2694 2631 2775 sapientiores
2676 2696 2819 2761 sue-

557 2798 736 2853 runt.
832 2786 984 2852 Visi
1017 2790 1308 2870 primum
1335 2798 1728 2852 antrorsum
1761 2788 1850 2850 ad
1883 2787 2306 2862 distantiam,
2334 2808 2415 2851 ac
2446 2789 2539 2852 ibi
2570 2800 2819 2879 potue-

557 2894 715 2948 runt
752 2886 1192 2967 appercipere
1221 2884 1548 2948 interiora
1575 2884 2083 2963 cogitationum
2118 2902 2445 2957 mearum,
2472 2885 2565 2947 ita
2598 2886 2821 2952 multa

554 2978 803 3061 plene;
854 2999 945 3042 ex
986 2999 1120 3041 una
1155 2980 1313 3043 idea
1352 2979 1799 3062 cogitationis
1838 2988 2212 3061 potuerunt
2261 2979 2433 3042 scire
2470 2979 2816 3063 integram

555 3076 824 3147 seriem,
869 3084 943 3138 et
989 3074 1181 3139 illam
1229 3070 1749 3138 delectabilibus
1788 3074 2170 3155 sapientiae
2218 3092 2374 3137 cum
2414 3093 2817 3156 repraesen-

553 3168 936 3232 tationibus
999 3170 1310 3232 amoenis
1368 3168 1674 3250 implere.
1770 3168 1941 3231 Inde
1990 3178 2395 3251 perceptum
2457 3180 2583 3245 est,
2630 3172 2815 3255 quod

550 3262 734 3327 inter
779 3265 1242 3346 sapientiores
1291 3274 1549 3339 essent,
1599 3272 1672 3327 et
1734 3260 1991 3327 dictum
2041 3273 2172 3338 est,
2223 3263 2404 3345 quod
2452 3276 2683 3329 essent
2725 3268 2815 3331 ab

550 3359 870 3441 antiquis.
966 3357 1076 3422 Ac
1117 3360 1211 3421 ita
1243 3364 1522 3441 propius
1557 3368 2043 3421 accesserunt:
2095 3376 2383 3440 cumque
2418 3367 2581 3423 tunc
2616 3381 2812 3443 prae-

549 3452 854 3535 legerem
895 3452 1028 3516 illis
1067 3453 1322 3536 aliquid
1362 3474 1454 3517 ex
1482 3452 1743 3527 Verb0,
1774 3470 2207 3534 summopere
2248 3450 2575 3517 delectati
2608 3464 2811 3534 sunt3

545 3548 768 3630 ipsam
806 3546 1349 3613 delectationem
1389 3559 1464 3613 et
1496 3548 2005 3632 jucunditatem
2050 3566 2283 3611 eorum
2326 3548 2809 3631 percipiebam,

546 3663 722 3726 quae
753 3645 1058 3707 maxime
1092 3644 1252 3708 inde
1285 3654 1461 3718 erat,
1487 3644 1670 3729 quod
1708 3644 1939 3707 omnia
1975 3653 2047 3706 et
2082 3642 2355 3724 singula
2378 3662 2553 3725 quae
2574 3644 2809 3708 audie-

548 3738 718 3802 bant
749 3758 842 3803 ex
875 3738 1138 3815 Verbo,
1177 3739 1582 3804 caelestium
1618 3760 1698 3805 ac
1733 3739 2185 3821 spiritualium
2217 3739 2811 3820 repraesentativa

544 3841 618 3896 et
655 3832 1114 3915 significativa
1149 3846 1404 3899 essent.
1501 3834 1867 3911 Dicebant,
1898 3834 2079 3917 quod
2122 3854 2245 3897 suo
2284 3843 2619 3915 tempore,
2653 3852 2805 3897 cum

545 3926 612 3989 in
657 3930 920 3992 mundo
972 3930 1316 4005 vixerunt,
1359 3931 1606 3994 modus
1651 3948 1887 3995 eorum
1935 3928 2291 4011 cogitandi
2338 3938 2411 3991 et
2460 3928 2805 4009 loquendi,

545 4032 688 4086 tum
727 4044 1002 4107 quoque
1043 4025 1412 4102 scribendi,
1454 4024 1614 4091 talis
1651 4024 1875 4102 fuerit,
1919 4034 1993 4089 et
2030 4023 2212 4107 quod
2258 4022 2391 4087 hoc
2426 4022 2806 4103 sapientiae

544 4135 780 4183 eorum
824 4121 1148 4184 studium.

667 4228 864 4298 324.
931 4215 1136 4297 Quod
1177 4227 1412 4282 autem
1445 4215 1787 4290 Gentiles,
1820 4217 1935 4299 qui
1968 4214 2174 4281 hodie
2210 4223 2393 4288 sunt,
2421 4214 2803 4289 concernit,

542 4307 638 4371 illi
685 4328 824 4373 non
881 4312 984 4375 ita
1031 4314 1381 4395 sapientes
1429 4322 1613 4386 sunt,
1655 4312 1778 4375 sed
1836 4312 2141 4394 plerique
2181 4309 2529 4392 simplices
2572 4309 2801 4372 corde.

542 4403 646 4467 At
681 4424 894 4489 usque
932 4408 1270 4491 recipiunt
1297 4406 1709 4491 sapientiam
1748 4407 1817 4471 in
1850 4406 2067 4470 altera
2100 4407 2247 4469 vita
2284 4407 2326 4469 ii
2368 4426 2457 4469 ex
2496 4403 2651 4477 illis,
2686 4403 2801 4484 qui

541 4499 610 4561 in
659 4499 1004 4567 charitate
1047 4514 1289 4568 mutua
1331 4505 1701 4567 Vixerunt:
1760 4503 1847 4566 de
1892 4502 2135 4585 quibus
2174 4520 2379 4563 unum
2416 4499 2799 4562 alterumve

545 4597 949 4681 exemplum
987 4597 1152 4663 licet
1191 4598 1449 4664 afferre.
1539 4596 1715 4663 Cum
1752 4596 1890 4680 legi
1930 4615 2077 4678 cap.
2120 4594 2284 4660 xvii.
2324 4603 2396 4658 et
2430 4594 2621 4657 xviii.
2659 4591 2797 4667 Ju-
