3371 5304
581 601 702 664 114
1216 597 1320 649 DE
1363 596 1616 649 CAELO
1661 597 1759 648 ET
1802 595 2165 647 INFERNO.

573 789 640 832 n.
687 768 876 850 148);
941 788 1017 833 ac
1065 769 1281 834 altum
1327 770 1395 834 in
1441 770 1638 834 caelo
1682 778 1790 836 est
1836 777 2192 852 utrumque
2236 765 2611 831 secundum
2650 783 2803 845 gra·

565 865 712 928 dus.
797 863 970 926 Inde
1005 871 1136 936 est,
1175 862 1358 944 quod
1397 861 1465 924 in
1503 859 1742 924 Verbo
1779 880 1901 942 per
1928 859 2555 941 “longitudinum'’
2594 861 2811 926 “lati-

563 957 936 1033 tudinem‚”
981 965 1054 1022 et
1105 956 1649 1021 “altitudinem”
1692 955 1865 1020 talia
1907 955 2422 1038 significentur:
2490 965 2568 1021 ut
2626 957 2811 1040 apud

563 1051 990 1127 Ezechielem,
1019 1071 1060 1114 a
1097 1052 1325 1134 capite
1363 1051 1460 1114 xl.
1487 1051 1575 1115 ad
1615 1050 1856 1127 xlviii„
1883 1051 1996 1115 ubi
2032 1070 2155 1132 per
2190 1070 2545 1114 mensuras
2582 1052 2809 1134 quoad

561 1147 872 1229 longum,
914 1147 1131 1211 latum
1177 1157 1249 1210 et
1293 1147 1512 1212 altum
1549 1146 1960 1210 describitur
2004 1145 2283 1211 Novum
2321 1145 2690 1229 Templum
2736 1157 2809 1210 et

563 1241 764 1307 Nova
801 1242 1036 1318 Terra,
1073 1260 1228 1305 cum
1265 1243 1478 1317 atriis»,
1519 1241 1986 1316 conclavibus,
2026 1242 2267 1324 portis,
2300 1241 2545 1322 januis,
2583 1241 2808 1305 fenes-

563 1339 709 1413 πίε,
737 1338 1092 1413 suburbiis..
1129 1355 1252 1419 per
1286 1355 1460 1419 quae
1492 1335 1919 1417 significatur
1950 1355 2130 1400 nova
2159 1337 2479 1413 ecclesia,
2512 1356 2593 1400 ac
2626 1335 2809 1399 bona

561 1443 633 1497 et
680 1453 842 1496 vera
877 1453 1051 1516 quae
1097 1432 1230 1509 ibi;
1283 1431 1370 1495 ad
1415 1432 1575 1514 quid
1621 1430 1874 1515 alioqui
1912 1451 2155 1496 omnes
2192 1429 2354 1496 illae
2400 1429 2805 1495 mensurae?

561 1526 888 1592 Similiter
921 1525 1332 1593 describitur
1367 1525 1574 1614 Nova·
1607 1526 2095 1609 Hierosolyma
2140 1528 2205 1591 in
2242 1524 2663 1610 Apocalypsi
2700 1525 2805 1590 his

561 1623 826 1688 verbis:

657 1759 690 1781 '⁸
707 1755 915 1808 Civitas
951 1757 1046 1807 illa.
1073 1756 1520 1822 quadrangularis
1550 1757 1656 1807 sita
1682 1765 1781 1816 est,
1812 1757 1969 1820 cujus
1994 1757 2278 1820 longitudo
2300 1765 2455 1806 tanta
2481 1765 2565 1806 est
2598 1764 2803 1820 quanta

819 1832 905 1874 est
928 1823 1188 1881 latitudo:
1229 1835 1556 1886 mensusque
1579 1831 1666 1872 est
1700 1825 1975 1873 civitatem
1998 1824 2211 1874 calamo
2238 1823 2309 1872 ad
2343 1823 2643 1872 stadiorum
2664 1823 2801 1872 dno-

819 1891 990 2018 ?ech
1005 1889 1230 2017 ὧιιὶιὶίιη
1275 1898 1508 1953 suntque
1541 1889 1841 1954 longitudo,
1868 1889 2111 1949 latitudo,
2140 1898 2197 1939 et
2240 1889 2468 1939 altitudo
2501 1888 2754 1952 aequales
2769 1887 2800 1908 '’

841 1970 947 2005 xxi.
977 1967 1000 2003 1
1073 1971 1084 2007 :

557 2097 650 2163 ibi
707 2098 866 2181 quia
909 2117 1032 2180 per
1079 2103 1120 2130 ‘⁴
1145 2091 1416 2161 Novam
1465 2095 2029 2179 Hierosolymam
2048 2095 2081 2124 ”
2126 2095 2557 2179 significatur
2612 2117 2798 2163 nova

557 2194 874 2268 ecclesia,
923 2193 1080 2256 ideo
1139 2212 1258 2275 per
1317 2213 1671 2257 mensuras
1733 2192 1889 2256 illas
1934 2191 2407 2274 significantur
2460 2193 2579 2257 illa
2621 2214 2799 2277 quae

555 2288 891 2354 ecclesiae
937 2299 1137 2366 sunt;
1193 2308 1316 2370 per
1363 2287 1931 2370 “longitudinem
1954 2287 1988 2313 '⁹
2033 2288 2289 2352 bonum
2334 2289 2587 2354 amoris
2630 2287 2793 2369 ejuS,

557 2405 678 2467 per
717 2383 1213 2447 “latitudinem
1234 2382 1265 2408 ”
1293 2403 1531 2448 verum
1571 2402 1662 2447 ex
1699 2382 1821 2448 illo
1850 2384 2057 2458 bono,
2094 2403 2215 2465 per
2249 2383 2747 2448 “altitudinem
2764 2383 2794 2406 ”

553 2479 808 2542 bonum
843 2487 915 2541 et
953 2497 1189 2541 verum
1222 2477 1448 2561 quoad
1480 2478 1755 2560 gradus„
1792 2497 1910 2560 per
1944 2477 2366 2542 “duodecim
2398 2476 2613 2542 millia
2648 2487 2793 2542 sta-

553 2575 820 2638 diorum
841 2572 872 2600 ”
909 2593 1115 2637 omne
1152 2572 1408 2637 bonum
1457 2582 1529 2636 et
1573 2592 1807 2637 verum
1846 2575 1911 2636 in
1952 2571 2363 2657 complexu3
2424 2573 2583 2657 quid
2622 2572 2795 2636 alio·

553 2672 666 2754 qui
711 2670 910 2745 foret,
951 2671 1134 2753 quod
1173 2670 1474 2734 altitudo
1509 2680 1697 2735 esset
1737 2671 2099 2733 duodecim
2140 2669 2353 2733 millia
2388 2669 2791 2745 stadiorum,

552 2767 731 2831 sicut
777 2766 1142 2847 longitudo
1179 2775 1251 2830 et
1289 2765 1626 2830 latitudo?
1716 2764 1920 2847 Quod
1962 2766 2028 2827 in
2067 2764 2305 2830 Verbo
2340 2784 2461 2847 per
2494 2764 2793 2831 “latitu-

551 2860 784 2925 dinem
804 2860 836 2886 ”
873 2860 1292 2943 significetur
1327 2880 1588 2934 verum,
1627 2870 1827 2943 patet
1866 2860 2045 2943 apud
2081 2859 2415 2923 Davidem
2434 2882 2462 2923 .-

651 3002 898 3066 Jehovah
923 3006 952 3028 ⁸⁸
969 3019 1079 3054 non
1109 3004 1418 3053 conclusisti
1447 3018 1534 3053 me
1563 3004 1618 3053 in
1650 3018 1869 3053 manum
1899 3003 2119 3063 inimici.
2145 3012 2290 3053 stare
2318 3002 2492 3053 fecisti
2528 3004 2583 3053 in
2614 3002 2797 3053 latitu-

813 3070 939 3119 dine
963 3072 1130 3132 pedes
1155 3084 1306 3119 meos
1322 3069 1353 3090 ”
1376 3069 1594 3129 (Psalm.
1617 3071 1764 3119 xxxi.
1788 3068 1871 3133 9):

652 3134 782 3187 “Ex
811 3137 1066 3197 angustia
1099 3136 1349 3187 invocavi
1383 3135 1504 3201 Jah.
1541 3133 1891 3199 1=1respondet
1924 3135 2057 3185 mihi
2104 3136 2161 3185 in
2204 3133 2534 3185 latitudini?
2570 3132 2790 3193 (Psalm-

813 3202 989 3252 cxviii.
1017 3202 1065 3265 5)
1081 3219 1093 3252 :

549 3348 823 3419 praeter
837 3336 1021 3411 alibi,
1046 3346 1122 3401 ut
1143 3336 1322 3419 apud
1341 3334 1628 3401 Esaiam
1655 3334 1836 3421 (cap.
1857 3336 1989 3400 viii.
2006 3335 2079 3419 8)
2102 3356 2119 3415 ;
2159 3346 2232 3401 et
2250 3336 2431 3419 apud
2452 3333 2793 3401 Habakuk

554 3430 731 3514 (cap.
771 3432 810 3499 i.
847 3432 922 3516 6)
951 3452 968 3509 3
1015 3434 1114 3497 ita
1150 3452 1422 3516 quoque
1456 3434 1526 3496 in
1558 3432 1857 3515 reliquis,

673 3536 874 3619 198.
933 3538 1048 3602 Ex
1085 3539 1191 3601 his
1227 3538 1441 3603 videri
1482 3546 1737 3620 potest,
1778 3536 1961 3620 quod
2010 3538 2077 3601 in
2116 3537 2334 3612 caelo,
2374 3538 2656 3602 tametsi
2694 3536 2785 3600 ibi

550 3633 776 3716 spatia
811 3641 970 3697 sunt
1006 3634 1181 3697 sicut
1222 3635 1288 3696 in
1327 3634 1606 3707 munde,
1649 3653 1862 3715 usque
1900 3632 2069 3697 nihil
2106 3633 2197 3697 ibi
2235 3634 2644 3697 aestimetur
2676 3650 2784 3695 se-

548 3728 848 3793 cundum
879 3729 1124 3809 spatia,
1155 3727 1275 3793 sed
1309 3728 1681 3792 secundum
1716 3738 1982 3805 status;
2029 3727 2315 3809 proinde
2346 3728 2529 3809 quod
2562 3727 2787 3807 spatia

548 3825 640 3888 ibi
671 3844 810 3887 non
845 3824 1220 3888 mensurari
1253 3825 1520 3905 possint
1545 3824 1723 3887 sicut
1756 3824 1822 3886 in
1856 3824 2135 3897 mundo,
2162 3822 2284 3887 sed
2318 3822 2540 3885 solum
2570 3822 2785 3885 videri

546 3938 589 3983 a
625 3928 814 3984 statu
851 3927 924 3983 et
961 3920 1336 3982 secundum
1375 3928 1635 3982 statum
1672 3918 2070 3983 interiorum
2110 3915 2487 3982 illorumk)

675 4018 873 4084 199.
933 4002 1286 4087 Ipsissima
1323 4004 1542 4087 prima
1577 4022 1785 4067 causa
1816 4012 1947 4077 est,
1986 4003 2170 4086 quod
2210 4002 2547 4067 Dominus
2584 4022 2782 4085 prae-

1339 4242 1420 4296 (ιιι
1445 4252 1642 4285 amm
1661 4244 1993 4297 cam-uu.)

743 4356 768 4425 )
825 4353 1004 4428 Quod
1027 4354 1086 4410 in
1108 4354 1310 4411 Verbo
1325 4356 1393 4411 “i
1523 4356 1536 4369 ”
1609 4356 1693 4411 do
1713 4354 2059 4428 ”significet
2076 4357 2303 4413 bonum
2323 4359 2403 4427 (n.
2432 4348 2781 4428 1613j9487).

653 4364 832 4570 §sod
858 4425 1218 4511 “latitudo''
1239 4444 1447 4512 verum
1503 4444 1558 4481 n.
1591 4428 1741 4496 1613,
1771 4442 1927 4497 3433,
1954 4441 2108 4498 3434-
2134 4429 2293 4496 4482,
2313 4428 2470 4500 9487.
2504 4430 2715 4498 10179).

713 4496 834 4551 uod
871 4496 1180 4554 “altitudo
1198 4497 1231 4519 ’⁹
1260 4496 1557 4570 significet
1593 4498 1819 4553 bonum
1856 4508 1921 4554 et
1956 4514 2170 4555 verum
2208 4500 2405 4571 quoad
2442 4501 2665 4571 gradus
2696 4502 2777 4563 (n.

545 4567 704 4639 9489,
729 4580 885 4637 9773.
918 4566 1132 4639 10181).
