3371 5304
545 598 668 661 242
1180 594 1283 647 DE
1325 593 1578 647 CAELo
1622 595 1721 647 ET
1767 594 2130 648 INFERNO.

543 762 765 828 officia
802 764 1069 830 variae:
1118 764 1532 848 unaquaevis
1569 766 1752 828 enim
1783 766 2082 830 societas
2113 765 2457 848 peculiare
2486 766 2788 833 officium

542 861 731 939 obit;
777 879 937 923 nam
969 861 1145 923 sicut
1178 860 1555 923 societates
1575 858 1942 924 distinctae
1976 872 2136 924 sunt
2169 862 2546 927 secundum
2580 863 2784 939 bona,

546 952 889 1035 (videatur
923 974 1147 1037 supra,
1183 974 1248 1017 n.
1284 952 1423 1037 41,)
1473 956 1570 1018 ita
1607 955 1983 1019 secundum
2022 976 2202 1033 usuS,
2243 958 2564 1039 quoniam
2603 959 2788 1023 bona

541 1048 723 1132 apud
762 1069 1003 1113 omnes
1047 1049 1114 1111 in
1162 1049 1372 1113 caelis
1409 1057 1570 1114 sunt
1616 1049 1801 1113 bona
1847 1051 1914 1112 in
1962 1048 2143 1127 actu,
2183 1072 2356 1134 quae
2403 1062 2566 1116 sunt
2603 1074 2784 1117 usuS.

542 1144 1027 1227 Unusquisque
1071 1143 1165 1208 ibi
1210 1162 1404 1209 usum
1444 1154 1779 1227 praestat,
1824 1164 1983 1209 nam
2021 1165 2311 1228 regnum
2351 1146 2632 1211 Domini
2675 1160 2786 1211 est

540 1259 830 1325 regnum
868 1234 1188 1304 usuum.(‘)

664 1332 869 1417 388.
916 1332 1092 1398 Sunt
1140 1333 1207 1397 in
1255 1332 1465 1397 caelis
1503 1334 1679 1397 sicut
1727 1333 1794 1397 in
1842 1335 2041 1399 terris
2079 1335 2308 1417 plures
2345 1334 2784 1399 administra-

540 1429 807 1509 tiones;
870 1448 1028 1493 nam
1074 1438 1233 1493 sunt
1280 1429 1778 1505 ecclesiastica,
1826 1439 1987 1493 sunt
2035 1429 2283 1507 civilia,
2332 1440 2405 1495 et
2451 1440 2612 1497 sunt
2659 1431 2784 1495 do·

540 1526 873 1590 mestica:
942 1526 1123 1609 quod
1186 1525 1326 1587 sint
1372 1524 1867 1601 ecclesiastica,
1915 1534 2199 1591 constat
2262 1546 2352 1591 ex
2412 1526 2549 1591 illis
2609 1546 2785 1610 quae

540 1642 744 1705 supra
782 1622 867 1684 de
901 1618 1109 1684 Cultu
1142 1619 1396 1684 Divino
1432 1616 1526 1701 (n.
1562 1618 1914 1703 221-227),
1941 1617 2126 1683 dicta
2162 1630 2232 1685 et
2268 1631 2550 1686 ostensa
2582 1632 2744 1686 sunt
2765 1642 2782 1699 ;

540 1716 723 1801 quod
768 1715 1015 1791 civilia,
1056 1736 1149 1779 ex
1207 1714 1341 1777 illis
1378 1734 1554 1797 quae
1606 1715 1693 1778 de
1755 1714 2229 1797 Regiminibus
2287 1718 2354 1781 in
2414 1712 2628 1789 Caelo
2685 1716 2783 1795 (n.

541 1809 909 1895 213-220);
958 1821 1029 1875 et
1068 1809 1249 1893 quod
1289 1808 1698 1887 domestica,
1738 1831 1832 1874 ex
1863 1810 2000 1874 illis
2037 1832 2211 1893 quae
2258 1811 2343 1876 de
2381 1810 2784 1877 Habitatio·

540 1908 737 1971 nibus
767 1916 841 1971 et
874 1905 1346 1969 Mansionibus
1378 1904 1816 1987 Angelorum
1853 1902 1948 1987 (n.
1990 1904 2332 1989 183-190),
2365 1915 2438 1971 et
2475 1907 2562 1971 de
2597 1906 2782 1971 Con·

539 2002 737 2086 jugiis
782 2002 850 2065 in
889 2000 1101 2066 Caelo
1143 2000 1238 2082 (n.
1280 1999 1647 2083 366—386):
1709 2000 1869 2064 inde
1915 2010 2135 2084 patet,
2177 2002 2361 2085 quod
2399 1999 2783 2067 functiones

538 2108 611 2163 et
665 2097 1295 2162 administrationes
1345 2096 1531 2160 intra
1582 2096 1894 2179 quamvis
1947 2097 2360 2161 societatem
2405 2096 2782 2163 caelestem

538 2196 677 2260 sint
715 2193 964 2277 plures,

663 2289 872 2371 389.
931 2286 1181 2351 Omnia
1246 2287 1315 2350 in
1375 2285 1585 2350 caelis
1645 2286 2024 2351 secundum
2086 2286 2410 2350 Divinum
2471 2287 2782 2351 ordinem

538 2388 860 2450 instituta
904 2391 1082 2458 sunt,
1121 2383 1235 2465 qui
1281 2383 1670 2445 custoditur
1717 2382 1936 2446 ubivis
1982 2403 2102 2466 per
2144 2382 2784 2447 administrationes

538 2483 627 2546 ab
662 2478 969 2561 angelis3
1016 2499 1058 2541 a
1100 2477 1629 2560 sapientioribus
1668 2476 1792 2541 illa
1827 2498 2002 2560 quae
2039 2479 2426 2542 communis
2463 2478 2628 2541 boni
2663 2487 2782 2541 aut

454 2636 463 2646 ,
538 2597 697 2641 usus
744 2583 928 2649 sunt,
976 2592 1019 2637 a
1086 2573 1308 2635 minus
1352 2572 1781 2655 sapientibus
1828 2592 2002 2656 quae
2050 2571 2500 2655 particulari5‚
2550 2581 2621 2635 et
2685 2572 2782 2635 sic

540 2691 785 2756 porro:
856 2668 1303 2734 subordinata
1346 2677 1530 2743 sunt,
1578 2688 1856 2750 prorsus
1900 2668 2074 2732 sicut
2131 2669 2198 2731 in
2246 2667 2499 2732 Divino
2543 2667 2782 2732 ordine

538 2766 963 2834 subordinati
1018 2773 1179 2828 sunt
1238 2783 1415 2826 usus.
1508 2763 1681 2826 Inde
1743 2784 2016 2846 quoque
2077 2763 2404 2827 unicuivis
2449 2760 2780 2826 functioni

538 2858 859 2946 adjuncta
923 2869 1033 2924 est
1102 2859 1412 2942 dignitas
1478 2859 1853 2922 secundum
1911 2858 2328 2940 dignitatem
2396 2878 2575 2922 usus.
2679 2855 2782 2921 At

539 2979 746 3042 usque
794 2954 1080 3037 angelus
1128 2973 1266 3017 non
1312 2954 1732 3036 dignitatem
1777 2953 1904 3016 sibi
1948 2953 2272 3028 vindicat,
2322 2953 2444 3016 sed
2505 2971 2781 3016 omnem

538 3055 661 3117 dat
701 3052 887 3129 usui3
942 3060 1015 3113 et
1053 3050 1211 3132 quia
1248 3069 1409 3111 usus
1442 3058 1549 3112 est
1588 3049 1844 3112 bonum
1879 3047 2062 3131 quod
2101 3056 2434 3130 praestat,
2467 3056 2540 3111 et
2577 3066 2782 3110 omne

538 3153 796 3214 bonum
843 3155 952 3212 est
1010 3165 1051 3209 a
1110 3143 1437 3220 Domin0‚
1485 3144 1642 3206 ideo
1688 3163 1963 3206 omnem
2009 3144 2132 3208 dat
2178 3142 2500 3208 Domino.
2591 3140 2780 3224 Qua-

540 3254 821 3329 propter
857 3243 969 3325 qui
1006 3240 1278 3322 cogitat
1316 3239 1403 3303 de
1448 3239 1712 3304 honore
1749 3258 1873 3320 pro
1919 3259 1992 3302 se
2038 3247 2111 3302 et
2157 3239 2316 3302 inde
2355 3259 2479 3320 pro
2525 3258 2666 3310 usu,
2708 3247 2781 3301 et

541 3361 675 3404 non
715 3359 839 3420 pro
878 3357 999 3400 usu
1036 3346 1107 3400 et
1145 3335 1305 3399 inde
1344 3355 1468 3418 pro
1506 3355 1603 3413 se,
1638 3354 1778 3398 non
1812 3342 2045 3414 potest
2076 3332 2265 3414 fungi
2298 3333 2527 3415 aliquo
2558 3331 2782 3394 officio

539 3437 604 3499 in
651 3434 869 3508 caelo,
917 3433 1075 3516 quia
1118 3427 1389 3515 speetat
1434 3440 1623 3495 retro
1668 3449 1710 3493 a
1755 3428 2079 3504 Domino.
2129 3449 2202 3492 se
2251 3429 2471 3509 primo
2509 3426 2664 3491 loco
2709 3440 2782 3490 et

540 3550 732 3595 usum
766 3528 1090 3594 secundo.
1166 3526 1336 3592 Cum
1370 3527 1615 3590 dicitur
1646 3545 1830 3602 usus,
1853 3523 2264 3608 intelligitur
2295 3523 2506 3587 etiarn
2541 3522 2780 3586 Domi—

540 3647 689 3702 nus,
721 3625 901 3709 quia,
949 3633 1023 3688 ut
1072 3642 1240 3686 mox
1287 3642 1490 3704 supra
1534 3617 1793 3684 dictum
1840 3630 1972 3696 est,
2013 3639 2172 3686 usus
2217 3627 2326 3683 est
2374 3617 2653 3693 bonum,
2701 3636 2780 3680 ac

538 3724 795 3787 bonum
840 3729 949 3784 est
995 3740 1037 3784 a
1072 3717 1393 3783 Domino.

2706 3848 2750 3856 ··
2791 3835 2804 3892 l

1320 3915 1419 3969 [(ικ
1442 3923 1637 3956 nem
1660 3911 2000 3964 camnis-H

648 4023 717 4094 (t)
830 4022 951 4076 uod
983 4035 1234 4092 regnum
1269 4017 1517 4074 Domini
1546 4017 1627 4072 sit
1656 4029 1904 4087 regnum
1935 4029 2152 4069 usuum
2193 4013 2274 4082 (ιι.
2303 4010 2462 4086 453st
2487 4024 2635 4082 4541.
2661 4013 2782 4082 696,

545 4111 564 4150 Ι
581 4108 833 4219 103·fi‘303
836 4105 1074 4219 sseffirfirfe
1094 4090 1369 4217 ssgfri'ino
1392 4161 1473 4216 sit
1496 4173 1641 4213 usus
1667 4167 1970 4228 praestare
1999 4155 2079 4222 (n.
2106 4153 2289 4224 7038).

704 4236 827 4290 uod
852 4251 1064 4290 omnes
1090 4233 1153 4288 in
1178 4233 1370 4288 altera
1391 4231 1519 4286 vita
1548 4245 1693 4284 usus
1724 4236 2028 4298 praestare
2056 4225 2320 4280 debeant
2349 4225 2432 4292 (ιι.
2465 4223 2642 4293 1103).

706 4307 826 4360 uod
852 4304 1037 4361 etiam
1066 4304 1206 4358 mali
1232 4313 1297 4358 et
1328 4299 1663 4362 infernales,
1693 4298 1800 4354 sed
1831 4297 2141 4370 quomodo
2170 4298 2252 4365 (ιι.
2278 4295 2430 4364 696).

704 4377 826 4432 uod
851 4393 1064 4432 omnes
1091 4375 1240 4430 tales
1266 4373 1405 4434 sint.
1432 4371 1637 4444 quales
1662 4379 1807 4424 sunt
1832 4383 1976 4424 usus
2001 4383 2156 4439 quos
2183 4375 2491 4438 praestant
2517 4367 2601 4433 (n.
2625 4379 2784 4436 4054.

539 4449 677 4518 6815
725 4466 738 4509 ς
772 4447 1135 4502 illustratum
1167 4449 1247 4513 (n.
1275 4443 1459 4512 7038).
1917 4481 1924 4489 .

647 4519 827 4591 Quod
855 4519 1098 4574 beatum
1122 4515 1459 4588 angelicum
1487 4511 1783 4569 consistat
1814 4511 1874 4566 in
1905 4510 2080 4566 bonis
2109 4505 2440 4569 charitatis.
2469 4507 2554 4562 ita
2580 4507 2640 4562 in
2667 4507 2784 4562 usi·

540 4593 655 4646 bus
682 4589 1059 4660 praestandis
1086 4589 1167 4656 (n.
1195 4585 1343 4657 454).
