3371 5304
542 626 669 706 246
1194 642 1299 697 DE
1340 642 1595 698 CAELo
1638 644 1738 697 ET
1780 642 2145 697 INFERNQ

1518 1005 1804 1091 [XLII]

865 1200 981 1265 DE
1028 1199 1338 1267 GAumo
1386 1214 1483 1265 ET
1528 1201 2004 1266 Flamen-Am
2050 1200 2456 1268 CAELESTI.

658 1399 865 1469 393.
926 1382 1107 1465 Quid
1144 1385 1415 1450 caelum
1452 1394 1527 1449 et
1563 1385 1726 1469 quid
1763 1386 2088 1468 gaudium
2125 1386 2454 1464 caeleste,
2493 1388 2611 1452 vix
2648 1388 2773 1454 ali-

530 1480 681 1563 quis
712 1481 919 1543 hodie
950 1482 1164 1544 novit.
1254 1479 1391 1562 Qui
1422 1481 1507 1545 de
1540 1480 1661 1545 illo
1693 1491 1765 1546 et
1805 1482 1890 1545 de
1928 1482 2056 1545 hoc
2091 1484 2594 1565 cogitaverunt,
2629 1494 2773 1549 tam

532 1594 967 1640 communem
998 1585 1071 1639 et
1109 1584 1253 1639 tam
1286 1596 1588 1640 crassam
1620 1576 1846 1640 ideam
1885 1577 1970 1639 de
2007 1576 2139 1641 illis
2177 1589 2663 1659 conceperunt,
2697 1589 2770 1643 ut

531 1672 650 1734 vix
698 1671 791 1735 sit
848 1669 1097 1752 aliqua.
1186 1670 1302 1735 Ex
1362 1671 1735 1753 spiritibus,
1775 1672 1888 1753 qui
1947 1692 1985 1734 e
2043 1672 2301 1736 mundo
2358 1674 2425 1736 in
2481 1673 2770 1739 alteram

530 1767 747 1832 vitam
784 1767 1090 1841 veniunt,
1130 1768 1393 1847 optime
1430 1766 1603 1830 scire
1642 1768 1834 1849 potui
1871 1765 2147 1848 qualem
2191 1767 2278 1831 de
2325 1767 2520 1833 caelo
2563 1778 2638 1831 et
2685 1770 2768 1833 de

528 1862 781 1941 gaudio
814 1861 1099 1925 caelesti
1130 1860 1513 1926 habuerunt
1545 1862 1904 1925 notionem
1929 1883 1946 1939 ;
1995 1881 2152 1925 nam
2185 1860 2404 1927 relicti
2434 1862 2561 1926 sibi
2591 1863 2769 1927 sicut

526 1956 753 2021 forent
784 1958 851 2020 in
884 1958 1162 2033 mundo,
1190 1959 1508 2041 cogitant
1540 1956 1874 2021 similiter.
1965 1957 2188 2021 Causa
2219 1959 2400 2040 quod
2431 1977 2570 2022 non
2595 1960 2769 2023 scia·

526 2062 639 2117 tur
673 2052 833 2135 quid
874 2053 1198 2134 gaudium
1239 2052 1565 2127 caeleste,
1605 2062 1714 2116 est
1753 2053 1909 2134 quia
1943 2052 2062 2127 illi,
2102 2054 2214 2135 qui
2253 2054 2339 2116 de
2377 2074 2461 2117 eo
2499 2055 2768 2135 cogita·

524 2156 796 2222 verunt,
836 2168 929 2211 ex
974 2148 1243 2229 gaudiis
1278 2148 1611 2223 externis,
1650 2167 1828 2229 quae
1872 2158 2032 2211 sunt
2079 2147 2408 2212 naturalis
2445 2147 2764 2224 hominiS,

518 2241 1021 2324 judicaverunt,
1071 2261 1196 2306 nec
1246 2244 1595 2306 sciverunt
1644 2243 1806 2325 quid
1859 2243 2171 2306 internus
2223 2262 2342 2306 seu
2395 2242 2765 2323 spiritualis

524 2337 755 2413 homo,
791 2338 891 2400 ita
926 2356 1053 2400 nec
1092 2337 1252 2418 quid
1283 2337 1425 2417 ejus
1450 2334 1824 2416 jucundum
1864 2347 1935 2402 et
1973 2338 2294 2415 beatum3
2341 2358 2549 2420 quare
2586 2339 2643 2401 si
2677 2338 2764 2402 ab

522 2433 678 2508 illis,
718 2434 831 2515 qui
874 2431 1323 2513 inspirituali
1370 2452 1491 2495 seu
1526 2434 1800 2497 interno
1829 2432 2131 2515 jucundo
2173 2432 2467 2508 fuerunt,
2507 2430 2763 2497 dic'tum

520 2530 783 2603 fuisset,
819 2527 977 2609 quid
1016 2538 1089 2591 et
1129 2526 1329 2609 quale
1362 2528 1685 2609 gaudium
1724 2527 2052 2603 caeleste,
2093 2546 2232 2591 non
2271 2528 2763 2610 comprehendi

521 2623 884 2704 potuisset,
924 2622 1291 2686 cecidisset
1337 2622 1517 2686 enim
1576 2624 1645 2686 in
1705 2622 1930 2686 ideam
1977 2624 2314 2705 ignotam,
2363 2622 2460 2686 ita
2513 2642 2650 2685 non
2693 2624 2759 2686 in

521 2719 1061 2799 perceptionem,
1101 2727 1520 2800 quapropter
1556 2717 1736 2780 inter
1771 2717 1892 2781 illa
1925 2717 2184 2791 fuisset,
2220 2737 2393 2799 quae
2432 2717 2761 2781 naturalis

520 2811 730 2875 homo
766 2813 1135 2893 rejecisset.
1228 2810 1535 2894 Quisque
1566 2822 1803 2876 tamen
1836 2814 2008 2876 scire
2041 2823 2298 2895 potest,
2333 2811 2516 2893 quod
2551 2811 2760 2875 homo

519 2926 673 2972 cum
712 2916 1077 2971 externum
1116 2927 1237 2970 seu
1272 2906 1653 2970 naturalem
1688 2905 2033 2972 hominem
2064 2906 2406 2990 relinquit,
2440 2906 2510 2969 in
2545 2908 2758 2970 inter-

518 3021 681 3066 num
712 3023 831 3064 seu
864 2999 1287 3083 spiritualem
1319 3002 1553 3065 veniat
1581 3023 1597 3081 ;
1646 3003 1806 3066 inde
1837 3003 1991 3067 sciri
2023 3011 2280 3083 potest,
2309 3001 2492 3083 quod
2516 3001 2755 3082 jucun-

518 3097 681 3160 dum
744 3096 1047 3160 caeleste
1110 3097 1201 3160 sit
1254 3095 1627 3178 jucundum
1672 3099 2017 3162 internum
2063 3107 2136 3160 et
2193 3095 2570 3178 spirituale,
2619 3115 2756 3160 non

518 3202 751 3256 autem
797 3201 1163 3255 externum
1224 3201 1296 3256 et
1359 3190 1711 3269 naturale;
1779 3201 1852 3256 et
1911 3191 2069 3275 quia
2124 3200 2234 3255 est
2281 3192 2624 3254 internum
2683 3201 2756 3256 et

517 3287 890 3370 spirituale,
939 3287 1123 3367 quod
1170 3287 1259 3351 sit
1300 3288 1527 3368 purius
1570 3297 1643 3350 et
1689 3287 2118 3368 exquisitiuS,
2157 3296 2230 3350 et
2275 3286 2460 3369 quod
2504 3285 2758 3350 afficiat

517 3383 843 3445 interiora
906 3381 1223 3455 hominis,
1284 3401 1459 3462 quae
1518 3392 1681 3446 sunt
1742 3381 1886 3463 ejus
1943 3383 2211 3445 animae
2277 3401 2397 3444 seu
2458 3381 2754 3464 spiritus.

520 3475 823 3558 Quisque
888 3497 979 3540 ex
1044 3477 1153 3542 his
1218 3477 1385 3540 solis
1444 3477 1856 3542 concludere
1914 3487 2172 3559 potest,
2234 3478 2416 3560 quod
2483 3477 2626 3542 tale
2690 3477 2755 3542 ei

512 3572 879 3654 jucundum
912 3573 1023 3648 sit,
1050 3572 1252 3654 quale
1282 3572 1499 3637 fuerat
1525 3572 1898 3654 jucundum
1929 3573 2072 3654 ejus
2103 3573 2418 3655 spiritus;
2465 3583 2537 3636 et
2569 3573 2754 3655 quod

512 3667 879 3748 jucundum
914 3667 1237 3748 corporiS,
1273 3667 1454 3749 quod
1488 3676 1778 3732 vocatur
1801 3667 2168 3748 jucundum
2202 3667 2444 3742 carniS,
2477 3687 2754 3748 respec-

515 3763 657 3826 tive
706 3782 843 3825 non
882 3761 1187 3828 caeleste
1224 3763 1357 3826 sit:
1420 3763 1604 3843 quod
1641 3763 1852 3825 etiam
1896 3763 1966 3826 in
2011 3762 2250 3845 spiritu
2285 3761 2582 3826 hominis
2618 3771 2748 3840 est,

516 3876 671 3920 cum
697 3856 1017 3939 relinquit
1047 3876 1316 3938 corpuS,
1347 3856 1481 3922 hoc
1510 3865 1826 3920 remanet
1857 3867 2015 3938 post
2047 3867 2364 3931 mortem,
2391 3876 2552 3921 nam
2585 3867 2748 3922 tunc

515 3953 681 4014 vivit
720 3953 929 4016 homo
965 3953 1260 4034 spiritus.

640 4046 842 4126 396.
903 4044 1154 4112 Omnia
1190 4045 1487 4128 jucunda
1532 4046 1875 4128 profluunt
1921 4069 2012 4112 ex
2059 4067 2312 4122 amore,
2361 4067 2520 4114 nam
2565 4049 2748 4130 quod

515 4142 723 4206 homo
782 4151 969 4205 amat
1023 4141 1153 4205 hoc
1208 4141 1577 4223 jucundum
1624 4142 1884 4220 sentit3
1952 4162 2088 4207 non
2135 4144 2408 4207 aliunde
2461 4152 2569 4206 est
2630 4143 2746 4206 ulli

510 4237 881 4322 jucundum
910 4258 927 4314 ;
974 4237 1133 4301 inde
1167 4239 1491 4320 sequitur,
1517 4238 1698 4319 quod
1732 4238 1950 4320 qualis
1975 4258 2165 4302 amor
2191 4239 2330 4304 tale
2354 4238 2744 4321 jucundum.

511 4331 821 4413 Jucunda
860 4333 1161 4413 corporis
1198 4352 1317 4395 seu
1356 4332 1576 4395 carnis
1612 4335 1844 4397 omnia
1873 4333 2213 4414 profluunt
2250 4355 2342 4396 ex
2376 4352 2608 4396 amore
2647 4335 2746 4396 sui

514 4435 586 4490 et
632 4447 723 4490 ex
764 4445 995 4489 amore
1034 4428 1289 4503 mundi,
1330 4428 1487 4490 inde
1525 4447 1793 4509 quoque
1831 4438 1990 4491 sunt
2029 4428 2628 4514 concupiscentiae
2674 4441 2744 4490 et

514 4541 747 4584 earum
806 4521 1249 4603 voluptate33
1316 4521 1617 4604 jucunda
1673 4532 1904 4586 autem
1963 4525 2228 4588 animae
2293 4543 2412 4588 seu
2471 4523 2746 4605 spiritus

515 4617 743 4678 omnia
784 4615 1120 4697 profluunt
1160 4637 1249 4680 ex
1287 4635 1519 4680 amore
1556 4618 1621 4680 in
1665 4615 2030 4682 Dominum
2070 4629 2140 4682 et
2180 4639 2272 4682 ex
2309 4637 2541 4682 amore
2581 4638 2744 4700 erga
