3371 5304
891 667 1114 718 HOMO
1161 667 1242 716 IN
1291 663 1576 716 bimo
1617 664 1757 716 EST
1800 663 1949 714 PER·
1986 663 2564 728 AEQleBRIUM.
2734 650 2857 729 387

621 837 750 900 nisi
791 835 1028 900 videat
1069 835 1194 900 illa
1237 837 1306 898 in
1351 855 1450 909 se,
1487 843 1564 898 et
1607 842 1947 916 agnoscat
1992 831 2135 908 illa,
2173 841 2245 896 et
2290 833 2449 898 dein
2488 833 2665 899 nolit
2710 835 2851 914 illa,

617 943 695 995 et
726 931 1012 998 tandem
1047 941 1404 994 aversetur
1431 929 1590 1008 illa;
1636 937 1799 992 tunc
1825 929 2115 1011 primum
2146 937 2603 992 removentur.
2696 911 2853 996 Hoc

619 1039 757 1090 non
789 1025 930 1090 fieri
961 1034 1222 1108 potest,
1257 1025 1384 1089 nisi
1417 1026 1626 1088 homo
1655 1035 1805 1089 tam
1839 1026 1910 1086 in
1938 1023 2123 1089 bono
2152 1041 2357 1106 quam
2393 1024 2465 1087 in
2500 1022 2687 1088 malo
2718 1027 2809 1089 sit
2838 1046 2854 1102 ;

615 1137 718 1185 εκ·
753 1122 942 1185 bono
975 1121 1161 1184 enim
1199 1130 1436 1201 potest
1474 1120 1709 1184 videre
1744 1119 1949 1194 mala,
1986 1117 2113 1204 sed
2158 1137 2299 1180 non
2344 1137 2387 1180 a
2430 1116 2615 1183 malo
2652 1119 2853 1186 bona.

625 1218 817 1282 Bona
853 1216 1230 1298 spiritualia
1268 1235 1444 1296 quae
1480 1215 1693 1279 homo
1730 1215 2039 1296 cogitare
2078 1221 2337 1294 potest,
2377 1213 2578 1278 discit
2617 1215 2705 1278 ab
2750 1217 2853 1280 in·-

616 1314 832 1377 fantia
877 1332 971 1376 ex
1017 1309 1314 1376 lefitione
1349 1309 1590 1384 Verbi,
1627 1321 1703 1374 et
1760 1330 1851 1374 ex
1912 1309 2467 1390 praedicatione;
2533 1330 2612 1373 ac
2672 1310 2855 1375 bona

619 1407 904 1472 moralia
939 1417 1012 1471 et
1069 1405 1296 1470 civilia
1339 1425 1432 1469 ex
1489 1407 1636 1469 vita
1698 1406 1768 1468 in
1822 1405 2099 1468 mundo.
2190 1403 2347 1468 Hoc
2394 1405 2684 1485 primum
2722 1419 2855 1481 est,

615 1522 734 1566 cur
779 1503 990 1566 homo
1034 1503 1104 1564 in
1151 1501 1370 1564 libero
1405 1520 1560 1564 esse
1607 1500 1840 1564 debet.
1928 1499 2249 1562 Alterum
2294 1508 2425 1574 est,
2466 1500 2650 1581 quod
2686 1499 2855 1564 nihil

615 1597 1092 1679 approprietur
1123 1595 1405 1672 homini,
1441 1596 1569 1659 nisi
1599 1595 1785 1677 quod
1822 1592 1900 1658 fit
1931 1615 2020 1658 ex
2054 1591 2413 1658 affectione
2450 1615 2625 1676 quae
2660 1615 2853 1660 amo-

615 1693 743 1754 ris:
790 1691 1052 1773 reliqua
1081 1693 1358 1774 quidem
1383 1693 1642 1756 intrare
1673 1699 1987 1772 possunt,
2015 1691 2135 1754 sed
2169 1709 2305 1753 non
2339 1689 2517 1754 ultra
2550 1711 2751 1774 quam
2786 1694 2853 1755 in

615 1788 1140 1868 cogitationem,
1181 1797 1253 1851 et
1293 1806 1430 1850 non
1477 1786 1546 1848 in
1583 1785 2059 1862 voluntatem3
2120 1795 2194 1849 et
2241 1785 2423 1867 quod
2464 1806 2601 1849 non
2636 1776 2853 1850 intrat

610 1899 828 1964 usque
865 1884 935 1944 in
965 1881 1403 1946 voluntatem
1443 1881 1765 1956 hominis,
1802 1899 1943 1944 non
1988 1878 2065 1944 fit
2112 1880 2277 1961 ejus,
2318 1899 2477 1944 nam
2516 1884 2855 1962 cogitatio

615 1977 830 2040 trahit
869 1995 1064 2040 suum
1102 1997 1193 2040 ex
1231 1978 1584 2051 memoria,
1625 1976 1749 2039 sed
1786 1975 2112 2040 voluntas
2158 1997 2251 2040 ex
2296 1976 2445 2057 ipsa
2480 1977 2641 2040 vita.
2731 1974 2853 2039 Ni-

614 2069 711 2134 hil
749 2089 1035 2154 usquam
1077 2072 1364 2136 liberum
1395 2081 1526 2146 est,
1566 2072 1749 2154 quod
1796 2089 1935 2136 non
1996 2081 2105 2134 est
2158 2092 2247 2134 ex
2308 2071 2695 2147 voluntate,
2736 2093 2855 2136 seu

613 2166 796 2246 quod
829 2165 1033 2240 idem,
1073 2185 1166 2229 ex
1205 2164 1566 2230 affectione
1611 2186 1788 2248 quae
1816 2167 2107 2230 amoris:
2149 2166 2465 2248 quicquid
2506 2167 2689 2230 enim
2726 2166 2851 2230 ho-

611 2275 730 2323 mo
761 2259 910 2324 vult
943 2281 1064 2325 seu
1095 2273 1308 2335 amat,
1335 2262 1468 2326 hoc
1501 2260 1713 2325 libere
1745 2261 1908 2326 facit
1935 2282 1951 2326 ε
1998 2261 2158 2324 inde
2190 2269 2325 2335 est,
2350 2262 2534 2343 quod
2568 2261 2853 2325 liberum
2946 2333 2951 2341 ¹

615 2353 914 2418 hominis
963 2365 1036 2419 et
1087 2355 1357 2420 affectio
1396 2376 1570 2439 quae
1624 2365 1733 2420 est
1790 2357 2041 2420 amoris
2098 2377 2219 2420 seu
2274 2357 2658 2421 voluntatis
2710 2355 2853 2438 ejus

615 2469 820 2512 unum
847 2448 986 2512 sint
1011 2470 1026 2526 ;
1075 2451 1232 2513 ideo
1255 2452 1487 2532 itaque
1509 2450 1771 2514 homini
1804 2450 2111 2526 liberum,
2140 2461 2213 2514 ut
2240 2451 2461 2534 possit
2486 2449 2663 2514 affici
2688 2471 2853 2514 vero

613 2552 684 2606 et
701 2543 908 2617 bono,
933 2563 1052 2607 seu
1077 2565 1306 2608 amare
1329 2546 1471 2620 illa,
1493 2556 1567 2608 et
1587 2547 1682 2609 sic
1710 2545 1853 2610 fieri
1874 2547 2051 2610 sicut
2074 2545 2215 2627 ejus
2238 2547 2529 2630 propria.
2592 2545 2850 2618 Verbo,

613 2639 932 2722 quicquid
971 2660 1110 2704 non
1149 2642 1366 2705 intrat
1411 2643 1482 2706 in
1520 2641 1741 2705 libero
1772 2641 1958 2724 apud
1996 2642 2369 2717 hominem,
2410 2662 2547 2706 non
2588 2651 2849 2716 manet,

613 2735 768 2815 quia
799 2754 936 2797 non
975 2747 1084 2798 est
1122 2738 1374 2801 amoris
1405 2758 1526 2800 seu
1557 2738 1941 2801 voluntatis
1964 2738 2107 2817 ejus
2134 2759 2151 2815 ;
2197 2749 2269 2801 et
2306 2758 2483 2820 quae
2518 2757 2657 2800 non
2690 2746 2853 2801 sunt

613 2829 864 2891 amoris
893 2848 1012 2892 seu
1031 2830 1412 2895 voluntatis
1445 2832 1763 2906 hominis,
1792 2852 1931 2895 non
1962 2840 2122 2895 sunt
2148 2830 2290 2913 ejus
2314 2833 2590 2913 spiritus
2616 2854 2631 2909 ;
2678 2830 2853 2895 Esse

613 2922 794 2985 enirn
851 2924 1130 3005 spiritus
1177 2924 1474 2989 hominis
1527 2935 1636 2990 est
1700 2946 1893 2991 amor
1950 2946 2071 2990 seu
2129 2927 2473 2992 voluntas.
2584 2926 2854 2991 Dicitur

611 3034 802 3081 amor
845 3036 966 3081 seu
1009 3020 1358 3097 voluntas,
1405 3023 1729 3102 quoniam
1774 3021 1957 3104 quod
2003 3021 2213 3086 homo
2258 3032 2451 3087 amat
2501 3020 2635 3087 hoc
2680 3022 2853 3087 vult.

615 3107 812 3177 Haec
857 3132 1038 3177 nunc
1099 3126 1208 3179 est
1265 3135 1496 3189 causa,
1537 3116 1721 3199 quod
1783 3116 1993 3181 homo
2050 3136 2189 3181 non
2238 3118 2456 3198 possit
2502 3116 2853 3181 reformari

613 3205 738 3269 nisi
781 3206 850 3270 in
897 3208 1132 3271 libero.
1221 3208 1358 3273 Sed
1400 3210 1594 3291 plura
1631 3212 1720 3275 de
1756 3210 2007 3275 Libero
2042 3212 2341 3277 hominis
2378 3213 2739 3277 videantur
2784 3213 2853 3275 in

611 3298 914 3365 Arcanis
951 3301 1009 3367 C
1007 3302 1364 3367 acles-tibus
1399 3306 1468 3367 in
1507 3304 1676 3369 locis
1716 3305 1949 3371 citatis
1984 3307 2175 3373 infra.

736 3406 954 3475 599.
1013 3396 1114 3461 Ut
1153 3398 1364 3461 homo
1401 3400 1468 3461 in
1509 3398 1729 3463 libero
1764 3401 1879 3476 sit,
1918 3422 2011 3465 ex
2058 3422 2265 3466 causa
2301 3412 2376 3466 ut
2421 3402 2849 3475 reformetur,

611 3484 770 3551 ideo
813 3489 1256 3572 conjungitur
1297 3493 1416 3557 ille
1461 3496 1691 3576 quoad
1736 3497 2045 3579 spiritum
2090 3516 2285 3561 suum
2334 3516 2489 3562 cum
2537 3496 2732 3561 caelo
2776 3506 2851 3561 et

611 3598 768 3645 cum
827 3584 1110 3649 inferno.
1199 3586 1378 3651 Sunt
1435 3590 1620 3653 enim
1677 3592 1860 3673 apud
1922 3593 2442 3673 unumquemvis
2498 3593 2851 3656 hominem

613 3676 894 3759 spiritus
925 3700 1018 3743 ex
1053 3680 1338 3757 inferne,
1379 3694 1453 3747 et
1489 3686 1726 3767 angeli
1760 3706 1799 3751 e
1834 3687 2070 3751 caelo:
2127 3707 2247 3768 per
2284 3688 2564 3769 spiritus
2610 3708 2701 3751 ex
2747 3688 2849 3751 in-

609 3770 804 3835 ferno
847 3784 956 3837 est
1001 3776 1212 3840 homo
1257 3779 1324 3841 in
1371 3800 1496 3843 suo
1543 3780 1751 3857 malo,
1791 3801 1911 3863 per
1954 3782 2244 3865 angelos
2288 3792 2521 3846 autem
2568 3804 2605 3845 e
2653 3782 2853 3846 caelo

611 3878 720 3931 est
757 3866 970 3933 homo
1005 3872 1072 3933 in
1112 3871 1296 3937 bono
1333 3894 1373 3935 a
1413 3874 1757 3939 Domino:
1813 3878 1913 3939 ita
1948 3878 2015 3941 in
2054 3877 2457 3961 aequilibrio
2490 3878 2849 3959 spirituali,

611 3959 744 4025 hoc
781 3974 912 4038 est,
953 3964 1021 4028 in
1071 3965 1306 4030 libero.
1397 3966 1604 4049 Quod
1641 3971 1855 4035 cuivis
1890 3970 2149 4037 homini
2196 3974 2333 4037 sint
2379 3970 2677 4054 adjuncti
2724 3994 2848 4037 an-

611 4054 752 4135 geli
809 4077 848 4121 e
891 4058 1114 4134 caelo,
1163 4072 1234 4125 et
1291 4064 1570 4143 spiritus
1615 4086 1707 4128 ex
1752 4066 2039 4144 inferno,
2088 4068 2399 4132 videatur
2442 4070 2511 4133 in
2556 4068 2852 4133 articulo

612 4148 720 4213 De
753 4148 1248 4233 Conjunfitione
1281 4155 1470 4222 Caeli
1501 4178 1656 4223 cum
1692 4159 2019 4228 Humano
2048 4160 2320 4227 Genere
2354 4162 2451 4247 (n.
2477 4161 2827 4247 291—302).

735 4245 954 4313 600.
1019 4246 1388 4315 Sciendum
1445 4264 1580 4327 est,
1641 4256 1827 4339 quod
1884 4256 2277 4337 conjunctio
2334 4259 2633 4323 hominis
2691 4279 2849 4323 cum

610 4338 808 4403 caelo
863 4352 938 4405 et
997 4363 1150 4409 cum
1198 4347 1482 4422 inferno,
1523 4369 1662 4413 non
1723 4352 1815 4416 sit
1866 4352 2265 4419 immediate
2310 4374 2467 4419 cum
2520 4355 2677 4430 illis,
2724 4357 2849 4420 sed

611 4432 914 4539 mediate
951 4456 1070 4519 per
1101 4442 1376 4521 spiritus
1412 4444 1526 4527 qui
1561 4444 1632 4507 in
1669 4447 1929 4512 mundo
1958 4446 2317 4532 spirituum
2348 4460 2511 4515 sunt
2539 4472 2555 4529 ;
2602 4451 2673 4515 hi
2708 4452 2847 4532 spi-

609 4536 778 4594 ritus
814 4542 974 4595 sunt
1011 4536 1194 4616 apud
1225 4535 1604 4615 hominem,
1647 4549 1723 4605 at
1760 4540 1935 4607 nulli
1972 4564 2067 4607 ex
2112 4543 2263 4628 ipso
2298 4546 2565 4611 inferno
2622 4556 2696 4611 et
2754 4566 2847 4611 ex

606 4620 760 4701 ipso
787 4624 1024 4693 caelo:
1071 4648 1192 4711 per
1219 4632 1501 4713 spiritus
1529 4634 1755 4701 malos
1782 4636 1855 4703 in
1886 4636 2143 4703 mundo
2174 4639 2533 4723 spirituum
2562 4638 2849 4726 conjun-
