3371 5304
1172 680 1275 732 DE
1326 680 1864 733 muENsrrATE
1905 680 2163 733 CAELI.
2673 678 2791 736 201

550 846 725 931 123),
765 857 838 912 et
874 866 999 931 per
1042 846 1112 913 id
1154 848 1321 913 facit
1360 858 1437 913 ut
1474 868 1683 915 unum
1721 851 1862 915 sint
1919 850 1992 917 in
2047 848 2160 917 Se.
2249 849 2457 935 Quod
2503 852 2796 935 plurium

542 946 961 1009 inanimitas
1006 955 1079 1011 et
1138 946 1530 1024 concordia,
1576 947 1909 1029 imprimis
1955 970 2048 1013 ex
2108 947 2233 1014 tali
2279 949 2565 1031 origine,
2605 959 2680 1015 et
2724 952 2795 1015 in

541 1042 667 1107 tali
709 1044 1010 1120 vinculo,
1058 1041 1553 1127 perfectionem
1605 1046 1966 1128 producat,
2015 1047 2300 1131 quisque
2365 1066 2456 1111 ex
2521 1048 2792 1113 ratione

538 1140 969 1233 aliquantum
1005 1140 1358 1205 illustrata
1394 1142 1781 1225 perspicere
1819 1152 2080 1226 potest.

664 1250 863 1321 419·
924 1238 1185 1303 Datum
1211 1240 1425 1302 etiam
1456 1248 1566 1303 est
1599 1240 1836 1304 videre
1869 1240 2356 1305 extensionem
2389 1240 2564 1305 caeli
2593 1241 2790 1305 habi-

538 1334 693 1411 tati,
733 1344 806 1399 et
844 1355 1115 1418 quoque
1154 1356 1292 1400 non
1329 1335 1674 1415 habitatu
1736 1346 1809 1401 et
1854 1337 1994 1401 vidi
2029 1338 2215 1420 quod
2251 1338 2577 1403 extensio
2615 1338 2788 1403 caeli

538 1452 677 1496 non
718 1430 1011 1495 habitati
1050 1443 1253 1497 tanta
1294 1442 1505 1509 esset,
1546 1443 1623 1497 ut
1676 1453 1818 1497 non
1865 1434 2134 1517 impleri
2174 1436 2395 1517 possit
2440 1437 2510 1499 in
2555 1444 2788 1499 aeter-

538 1548 721 1606 num,
762 1530 817 1593 si
854 1529 966 1594 vel
1005 1531 1337 1594 darentur
1368 1529 1599 1613 plures
1636 1532 1981 1612 myriades
2014 1531 2362 1607 tellurum,
2399 1542 2470 1596 et
2511 1533 2578 1595 in
2617 1552 2786 1615 qua·

536 1626 706 1690 libet
744 1626 991 1692 tellure
1027 1637 1231 1692 tanta
1270 1628 1645 1692 multitudo
1687 1628 2064 1705 hominum,
2106 1640 2365 1713 quanta
2409 1630 2477 1693 in
2525 1640 2782 1693 nostra.

540 1723 681 1807 (De
740 1746 873 1810 qua
930 1746 1005 1789 re
1064 1726 1279 1790 etiam
1330 1725 1647 1789 videatur
1699 1726 1770 1789 in
1827 1726 2186 1808 opusculo,
2239 1726 2343 1790 De
2407 1725 2784 1792 Telluribus

532 1822 605 1885 in
650 1822 996 1898 Universa,
1036 1842 1101 1885 n.
1148 1820 1319 1905 168.)

657 1934 859 2003 420.
924 1918 1128 2001 Quod
1177 1919 1441 1983 caelum
1488 1938 1628 1984 non
1675 1920 2085 1984 immensum
2138 1920 2252 1997 sit,
2298 1920 2423 1984 sed
2469 1941 2777 2003 parvum,

534 2018 902 2100 opinantur
940 2018 1217 2100 quidam
1265 2038 1357 2080 ex
1402 2018 1740 2100 aliquibus
1785 2018 1957 2082 locis
2001 2019 2070 2081 in
2117 2018 2356 2081 Verbo
2401 2020 2782 2083 secundum

532 2134 807 2179 sensum
854 2114 997 2196 ejus
1042 2114 1319 2179 litterae
1365 2112 1781 2179 intellectis:
1852 2125 1928 2179 ut
1991 2136 2080 2179 ex
2141 2115 2275 2180 illis
2333 2116 2446 2179 ubi
2505 2115 2777 2194 dicitur,

531 2211 715 2295 quod
747 2213 815 2275 in
848 2211 1113 2276 eaelum
1146 2212 1355 2276 modo
1388 2231 1722 2294 pauperes
1747 2213 2203 2294 recipiantur;
2250 2223 2399 2277 tum
2424 2213 2608 2295 quod
2641 2234 2780 2277 non

531 2309 659 2373 nisi
703 2329 905 2391 quam
953 2307 1200 2388 electu
1268 2312 1351 2373 et'
1388 2309 1572 2393 quod
1619 2310 1842 2373 solum
1890 2310 2003 2391 qui
2049 2310 2228 2374 intra
2273 2309 2662 2387 eeclesiam,
2703 2320 2779 2375 et

530 2426 667 2470 non
706 2408 819 2489 qui
858 2416 1101 2484 extra3
1150 2406 1332 2488 quod
1364 2406 1588 2469 solum
1625 2406 1746 2483 illi,
1775 2427 1899 2489 pro
1935 2407 2178 2488 quibus
2204 2404 2537 2470 Dominus
2564 2408 2777 2471 inter-

529 2503 715 2569 cedit
742 2524 758 2582 ;
806 2503 989 2586 quod
1015 2503 1282 2567 caelum
1315 2502 1717 2567 occludatur
1749 2523 1905 2567 eum
1938 2504 2298 2585 impletum
2330 2511 2460 2578 est,
2489 2513 2561 2567 et
2591 2505 2776 2586 quod

528 2600 658 2665 hoc
721 2610 998 2684 tempus
1057 2599 1489 2685 praefinitum
1549 2602 1659 2665 sit.
1752 2598 1890 2666 Sed
1956 2598 2054 2666 illi
2111 2620 2247 2664 non
2305 2600 2529 2665 sciunt
2591 2602 2776 2685 quod

526 2699 795 2764 caelum
833 2719 1169 2782 nusquam
1209 2698 1589 2774 claudatur,
1631 2708 1706 2763 et
1753 2698 1936 2782 quod
1977 2718 2115 2762 non
2153 2700 2242 2762 sit
2278 2698 2554 2781 aliquod
2595 2709 2773 2762 tem-

527 2817 649 2878 pus
687 2795 1143 2877 praefinitum,
1184 2815 1309 2860 nec
1350 2795 1724 2860 multitudo
1762 2795 2083 2873 definita3
2131 2805 2204 2860 et
2242 2796 2424 2878 quod
2467 2794 2775 2861 “electi”
2895 2805 2898 2810 ·

525 2895 841 2958 dieantur
876 2895 989 2976 qui
1027 2895 1094 2958 in
1129 2895 1275 2958 vita
1306 2893 1470 2957 boni
1501 2903 1573 2956 et
1604 2894 1747 2956 veri
1780 2903 1939 2956 sunt
1968 2890 2085 2970 ;(⁶⁰)
2131 2904 2204 2958 et
2237 2893 2418 2975 quod
2457 2899 2770 2977 “paupe-

522 3012 631 3056 res
652 2991 683 3017 ''
720 2991 834 3074 qui
880 3011 1015 3054 non
1062 2991 1129 3055 in
1170 2990 1681 3074 cognitionibus
1719 2991 1882 3054 boni
1920 2999 1991 3054 et
2037 2991 2180 3054 veri
2225 3000 2407 3065 sunt,
2449 2999 2520 3054 et
2560 3011 2771 3075 usque

524 3089 918 3153 desiderant
943 3089 1097 3152 illas
1121 3109 1137 3166 ;
1183 3088 1251 3152 hi
1277 3108 1546 3172 quoque
1571 3107 1663 3150 ex
1690 3088 2031 3152 desiderio
2055 3087 2174 3150 illo
2198 3097 2537 3151 vocantur
2558 3093 2770 3152 “esu-

521 3184 921 3251 riente3.’'(⁶⁶)
1011 3183 1146 3267 Qui
1178 3187 1265 3250 de
1290 3187 1635 3267 parvitate
1661 3185 1834 3249 caeli
1866 3195 1956 3248 ex
1984 3204 2124 3249 non
2149 3181 2504 3249 intellefito
2528 3185 2770 3249 Verbo

522 3285 913 3366 opinionem
951 3293 1304 3366 ceperunt,
1344 3302 1473 3346 nec
1522 3285 1748 3346 sciunt
1795 3281 1998 3345 aliter
2035 3301 2237 3364 quam
2276 3281 2459 3364 quod
2498 3282 2768 3346 caelum

522 3380 612 3446 sit
654 3381 725 3445 in
771 3401 907 3444 uno
946 3380 1125 3457 loco,
1165 3381 1279 3444 ubi
1316 3389 1701 3444 conventus
1739 3380 2086 3443 omnium:
2135 3396 2289 3442 cum
2326 3388 2562 3443 tamen
2609 3398 2766 3443 cae·

1296 3629 1396 3681 [(ικ
1422 3639 1618 3672 anemis
1638 3629 1986 3682 canusa-muso]

627 3754 754 3822 (aa)
810 3750 997 3808 Eleffl
1022 3751 1188 3823 quod
1213 3751 1335 3806 sint
1360 3751 1462 3823 qui
1491 3749 1551 3804 in
1576 3749 1705 3805 vita
1727 3750 1871 3804 boni
1897 3759 1960 3805 et
1983 3749 2108 3805 veri
2137 3752 2219 3818 (n.
2247 3760 2346 3818 375
2357 3760 2402 3817 5.
2432 3749 2620 3817 3900).

684 3824 805 3879 uod
834 3839 955 3880 non
981 3823 1064 3878 sit
1088 3821 1305 3878 electio
1331 3832 1394 3876 et
1421 3821 1685 3891 receptio
1712 3822 1772 3874 in
1799 3821 2032 3876 caelum
2058 3836 2132 3875 ex
2160 3819 2586 3882 Misericordia,
2606 3819 2762 3874 sicut

521 3896 644 3951 inte
669 3895 889 3967 ligitur,
916 3895 1023 3950 sed
1051 3894 1381 3949 secundum
1407 3892 1597 3946 vitam
1626 3894 1708 3961 (n.
1742 3903 1891 3961 5057,
1923 3891 2101 3960 5058).

623 3965 803 4038 Quod
846 3964 1261 4020 Misericordia
1294 3963 1537 4018 Domini
1570 3963 1920 4018 immediata
1951 3977 2072 4016 non
2104 3961 2297 4024 detur,
2329 3960 2433 4015 sed
2469 3959 2760 4024 mediata;

517 4037 633 4092 hoc
658 4046 767 4100 est,
791 4036 907 4091 illis
931 4036 1035 4107 qui
1061 4036 1276 4090 vivunt
1301 4034 1631 4090 secundum
1660 4042 1980 4103 praecepta
2007 4031 2220 4101 IpsiuS,
2245 4047 2399 4103 quos
2422 4048 2500 4087 ex
2527 4030 2764 4085 Miseri-

516 4109 723 4164 cordia
759 4107 928 4163 ducit
964 4107 1253 4163 continue
1292 4107 1352 4161 in
1393 4105 1637 4166 mundo,
1676 4114 1739 4159 et
1777 4113 1990 4174 postea
2031 4103 2092 4156 in
2133 4113 2445 4158 aeternum
2487 4103 2570 4172 (n.
2601 4101 2758 4168 8700,

520 4179 735 4249 10659).

625 4301 733 4368 (bb)
785 4298 967 4371 Quod
989 4315 1096 4368 per
1110 4304 1141 4327 ‘⁸
1160 4313 1453 4370 pauperes
1470 4295 1501 4318 '⁹
1518 4296 1576 4350 in
1594 4295 1798 4350 Verbo
1821 4295 2234 4378 intelligantur
2246 4293 2348 4364 qui
2369 4293 2760 4378 spiritualiter

594 4386 807 4442 uperes
837 4379 997 4433 sunt,
1027 4370 1130 4441 qui
1161 4377 1303 4424 sunt
1332 4368 1435 4438 qui
1470 4367 1529 4422 in
1563 4367 1901 4438 ignorantia
1929 4381 2070 4430 veri,
2096 4375 2158 4420 et
2182 4381 2372 4435 usque
2409 4365 2758 4420 desiderant

516 4441 727 4497 instrui
755 4443 837 4509 (n.
864 4456 1021 4510 9209,
1047 4453 1205 4509 9253,
1238 4439 1449 4506 10227).

618 4511 798 4584 Quod
840 4512 917 4567 de
956 4512 1072 4566 illis
1103 4512 1339 4566 dicatur
1363 4509 1635 4564 “esurire
1654 4507 1685 4529 ’⁹
1712 4519 1774 4562 et
1806 4506 2074 4568 “sitire,”
2100 4506 2261 4576 quod
2294 4517 2387 4561 est
2415 4506 2754 4561 desiderare

512 4584 893 4716 pognitigones
918 4583 1061 4636 boni
1086 4592 1147 4638 et
1171 4579 1314 4642 veri,
1336 4595 1443 4650 per
1460 4595 1608 4651 quas
1628 4575 1998 4634 introductio
2025 4577 2084 4631 in
2105 4577 2414 4632 ecclesiam
2437 4587 2498 4632 et
2523 4577 2750 4630 eaelum

544 4672 599 4710 n.
624 4668 729 4724 495
768 4695 783 4718 ,
817 4662 1029 4722 10227).
