3371 5304
720 642 951 697 ΗΟΠΟ
994 642 1181 698 POST
1226 642 1559 697 uoltum
1604 644 1742 698 EST
1787 644 1874 697 m
1917 642 2190 698 romu
2235 645 2588 697 HUMANA.
2667 634 2782 697 281

546 824 621 977 {t
679 816 863 901 quod
908 817 1021 900 qui
1076 818 1146 881 in
1192 817 1393 883 falsis
1428 826 1611 895 sunt,
1640 836 1866 902 usque
1921 836 2063 883 non
2117 818 2437 883 credituri
2471 818 2630 895 sint,
2669 838 2792 902 per

596 930 745 991 ²⁸0»

648 1042 799 1099 Dixit
822 1046 1097 1097 Abraham
1126 1046 1296 1099 Diviti
1326 1048 1381 1097 in
1414 1048 1645 1107 inferno,
1672 1052 1704 1072 ‘⁴
1725 1046 1948 1099 Habent
1977 1046 2174 1098 Mosen
2205 1058 2259 1098 et
2295 1048 2614 1112 Prophetas,
2639 1048 2786 1098 audi-

806 1124 902 1163 ant
926 1114 1084 1174 illos;
1118 1114 1211 1164 ille
1234 1128 1367 1163 vero
1394 1114 1545 1175 dixit,
1574 1114 1698 1163 Non
1723 1124 1882 1178 pater
1897 1115 2191 1173 Abraham,
2215 1115 2314 1163 sed
2338 1114 2384 1163 si
2409 1116 2530 1178 quis
2547 1126 2618 1164 ex
2641 1128 2787 1164 mor-

809 1180 917 1231 tui·
952 1181 1139 1230 veniat
1171 1180 1243 1231 ad
1286 1194 1399 1239 eos,
1424 1191 1844 1239 convertentur;
1901 1180 2180 1231 Abraham
2221 1190 2404 1230 autem
2446 1180 2583 1231 dixit
2621 1181 2690 1239 ei,
2731 1181 2786 1231 si

810 1244 1008 1295 Mosen
1034 1255 1089 1295 et
1126 1244 1428 1308 Prophetas
1457 1259 1568 1294 non
1598 1246 1842 1305 audiunt,
1869 1260 1968 1295 nec
2000 1246 2164 1296 etiam
2201 1246 2246 1295 si
2285 1246 2404 1309 quis
2445 1260 2512 1296 ex
2559 1247 2787 1296 mortuis

806 1311 1178 1371 resurrexerit,
1206 1312 1428 1362 credent
1440 1308 1472 1331 '⁹
1494 1310 1644 1373 (Luc.
1667 1314 1778 1362 xvi.
1801 1310 2014 1375 29-31)..

666 1450 865 1523 457·
925 1434 1215 1520 Spiritus
1268 1436 1587 1514 hominis,
1636 1457 1793 1503 cum
1851 1438 2144 1520 primum
2196 1438 2412 1502 intrat
2455 1438 2784 1503 mundum

542 1533 923 1617 spirituum,
962 1533 1143 1616 quod
1204 1532 1282 1597 fit
1334 1533 1527 1597 brevi
1586 1542 1749 1615 post
1795 1532 2394 1597 resuscitationem
2449 1532 2614 1614 ejus,
2667 1530 2785 1615 (de

542 1650 675 1714 qua
711 1624 969 1711 supra,)
1004 1627 1208 1691 simili
1240 1627 1412 1691 facie
1448 1638 1521 1691 et
1560 1629 1767 1693 simili
1797 1648 1972 1692 sono
2005 1626 2318 1712 loquelae
2356 1639 2488 1705 est,
2521 1629 2588 1693 in
2637 1630 2784 1713 qui-

542 1726 668 1789 bus
706 1724 829 1787 fuit
866 1723 933 1787 in
970 1723 1274 1801 mundo;
1320 1742 1529 1787 causa
1563 1734 1696 1799 est,
1737 1724 1894 1806 quia
1931 1734 2096 1789 tunc
2144 1724 2212 1787 in
2250 1733 2441 1787 statu
2478 1724 2784 1788 exterio-

541 1839 689 1884 rum
734 1837 1006 1882 suorum
1061 1827 1195 1895 est,
1234 1838 1361 1883 nec
1421 1818 1645 1884 adhuc
1693 1820 2019 1883 interiora
2073 1818 2214 1901 ejus
2261 1816 2528 1883 rete&a
2579 1828 2782 1883 sunt:

538 1916 649 1980 hic
681 1924 907 1979 status
945 1924 1053 1977 est
1100 1914 1355 1995 primus
1392 1913 1747 1978 hominum
1785 1924 1944 1997 post
1990 1914 2274 1979 obitum.
2367 1914 2619 1980 Postea
2662 1935 2782 1977 au-

541 2022 685 2074 tem
745 2017 1051 2073 mutatur
1099 2009 1331 2082 facie&
1379 2021 1453 2073 et
1490 2006 1566 2073 fit
1628 2030 1904 2093 prorsus
1949 2010 2126 2087 alia;
2195 2008 2272 2073 fit
2341 2009 2580 2073 similis
2639 2008 2783 2090 ejus

539 2102 881 2169 affectioni
940 2124 1061 2170 seu
1119 2106 1336 2169 amori
1390 2106 1736 2187 regnanti,
1777 2106 1847 2168 in
1904 2105 2089 2188 quali
2141 2104 2412 2169 fuerunt
2460 2104 2786 2169 interiora

538 2219 713 2282 quae
746 2201 996 2263 mentis
1029 2198 1173 2281 ejus
1207 2202 1271 2263 in
1313 2201 1593 2275 mundo,
1628 2210 1700 2263 et
1739 2201 1807 2263 in
1845 2199 2029 2282 quali
2063 2198 2185 2263 suit
2225 2200 2502 2281 spiritus
2533 2198 2678 2281 ejus
2714 2199 2783 2265 in

539 2315 868 2377 corpore;
925 2315 1085 2359 nam
1128 2295 1337 2359 facies
1370 2297 1647 2379 spiritus
1684 2294 1981 2359 hominis
2018 2294 2221 2359 valde
2259 2294 2482 2359 differt
2528 2316 2569 2359 a
2612 2294 2781 2359 facie

537 2391 843 2474 corporis
888 2390 1071 2471 ejus;
1132 2390 1341 2455 facies
1386 2392 1693 2473 corporis
1739 2400 1848 2455 est
1894 2412 1934 2455 a
1979 2390 2404 2474 parentibus,
2453 2400 2525 2455 at
2571 2390 2783 2454 facies

538 2486 814 2567 spiritus
850 2497 959 2549 est
1005 2507 1095 2550 ex
1142 2484 1501 2551 affectione
1548 2486 1714 2569 ejus,
1756 2484 1946 2569 cujus
1991 2486 2223 2567 imago
2268 2494 2376 2549 est
2402 2506 2418 2564 ;
2485 2486 2555 2549 in
2601 2484 2780 2549 hanc

536 2582 727 2645 venit
764 2582 1042 2664 spiritus
1078 2591 1240 2664 post
1276 2582 1491 2646 vitam
1528 2582 1597 2644 in
1635 2601 1944 2664 corpore,
1986 2600 2142 2643 cum
2171 2582 2520 2645 exteriora
2556 2600 2780 2645 remo-

536 2686 801 2753 ventur,
835 2697 915 2741 ac
950 2679 1277 2742 interiora
1306 2679 1742 2756 revelantur3
1780 2676 1888 2742 hic
1923 2687 2149 2741 status
2180 2686 2287 2740 est
2321 2675 2620 2743 ‘ntea-tius
2653 2677 2779 2743 ho-

538 2773 757 2836 minis.
848 2772 1014 2836 Vidi
1050 2774 1385 2856 quosdam
1423 2783 1744 2838 recentes
1782 2794 1819 2837 e
1859 2773 2137 2846 munde,
2172 2781 2244 2836 et
2279 2773 2578 2854 cognovi
2623 2772 2781 2838 illos

537 2888 627 2933 ex
659 2867 831 2932 facie
864 2877 936 2932 et
976 2868 1273 2951 loquela,
1306 2869 1431 2932 sed
1462 2879 1712 2953 postea
1743 2885 1898 2932 cum
1929 2868 2056 2931 visi
2094 2877 2278 2943 sunt,
2307 2887 2446 2932 non
2479 2871 2780 2950 cognovi

536 2961 737 3042 illos;
797 2963 910 3046 qui
954 2963 1022 3026 in
1066 2961 1537 3028 affectionibus
1582 2963 1784 3026 bonis
1827 2961 2122 3036 fuerunt,
2160 2963 2230 3027 in
2275 2961 2449 3026 facie
2494 2963 2780 3046 pulchra

536 3059 661 3120 visi
680 3068 842 3122 sunt
866 3079 881 3136 3
930 3059 1044 3142 qui
1074 3069 1306 3122 autem
1330 3059 1398 3122 in
1424 3056 1893 3122 affectionibus
1913 3057 2131 3132 malis,
2159 3059 2228 3120 in
2259 3058 2430 3123 facie
2453 3059 2776 3124 deformi:

536 3155 813 3235 spiritus
859 3155 1041 3216 enim
1081 3154 1376 3218 hominis
1422 3155 1491 3218 in
1536 3175 1611 3218 se
1656 3151 2013 3236 spectatus
2059 3173 2199 3217 non
2246 3163 2355 3218 est
2401 3155 2528 3218 nisi
2572 3174 2778 3239 quam
2893 3199 2900 3210 ·

536 3267 659 3312 sua
692 3247 985 3324 affectiO,
1024 3247 1167 3328 ejus
1209 3249 1429 3314 forma
1462 3259 1760 3313 externa
1805 3259 1912 3311 est
1958 3245 2187 3313 facies,
2279 3247 2504 3314 Causa
2540 3251 2776 3327 etiam,

534 3343 719 3425 quod
766 3352 1120 3407 mutentur
1162 3343 1395 3419 facieS,
1442 3353 1573 3420 est,
1621 3344 1780 3426 quia
1838 3343 1906 3406 in
1967 3343 2184 3407 altera
2237 3344 2381 3407 vita
2426 3365 2564 3410 non
2613 3346 2779 3411 licet

534 3438 735 3502 alicui
772 3440 1049 3504 mentiri
1087 3436 1505 3514 affectiones,
1539 3459 1714 3522 quae
1753 3458 1891 3502 non
1930 3438 2072 3520 ejus
2112 3441 2425 3521 propriae
2461 3451 2646 3517 sunt,
2677 3443 2778 3506 ita

536 3552 673 3598 non
705 3535 1026 3598 inducere
1058 3535 1184 3597 sibi
1216 3533 1423 3598 facies
1453 3535 1668 3598 amori
1701 3555 1846 3610 suc,
1881 3535 1950 3598 in
1987 3554 2123 3617 quo
2155 3545 2340 3611 sunt,
2375 3538 2776 3602 contrarias.

534 3627 795 3694 Omnes
833 3640 1273 3714 quotcunque
1316 3631 1410 3694 ibi
1454 3639 1617 3696 sunt
1660 3631 2065 3712 rediguntur
2109 3632 2178 3694 in
2224 3640 2486 3697 statum
2549 3643 2626 3697 ut
2674 3633 2775 3699 lo·

532 3734 826 3808 quantur
863 3727 1041 3790 sicut
1078 3727 1419 3808 cogitant,
1456 3745 1536 3790 ac
1591 3735 1667 3790 ut
1705 3726 1902 3791 vultu
1938 3735 2009 3790 et
2049 3727 2360 3810 gestibus
2398 3730 2776 3794 ostendant

533 3822 711 3884 sicut
758 3821 1023 3885 volunt.
1116 3821 1286 3885 Inde
1348 3841 1526 3885 nunc
1587 3831 1721 3897 est,
1771 3821 1954 3904 quod
2000 3822 2209 3886 facies
2257 3823 2560 3888 omnium
2607 3821 2774 3889 fiant

533 3913 967 3980 affectionum
1006 3916 1277 3980 illorum
1315 3915 1574 3980 formae
1619 3925 1693 3980 et
1739 3915 2040 3998 effigies3
2103 3937 2183 3981 ac
2219 3918 2381 3981 inde
2427 3929 2556 3994 est,
2591 3921 2774 4003 quod

532 4027 776 4074 omnes
814 4012 926 4094 qui
972 4030 1044 4075 se
1083 4020 1562 4094 cognoverunt
1608 4011 1676 4074 in
1723 4012 2006 4087 mundo,
2047 4032 2121 4076 se
2168 4031 2438 4095 quoque
2477 4033 2774 4096 cognos-

530 4115 693 4170 cant
722 4107 793 4170 in
827 4107 1084 4170 mundo
1114 4107 1497 4188 spirituum,
1524 4125 1664 4170 non
1697 4116 1930 4173 autem
1959 4107 2028 4172 in
2059 4108 2256 4172 caelo
2285 4119 2358 4174 et
2389 4109 2459 4172 in
2491 4109 2772 4183 inferno,

533 4209 608 4264 ut
648 4221 853 4284 supra
895 4198 990 4283 (n.
1026 4204 1187 4286 427)
1226 4199 1485 4265 dictum
1523 4200 1716 4266 θεαὶ)

1319 4398 1414 4451 ux:
1439 4409 1634 4442 Μ
1658 4399 1998 4454 namn

530 4487 1167 4631 47950488'510365353&
1188 4491 1265 4546 ad
1290 4491 1890 4563 correspondentiam
1921 4493 2272 4548 interiorum
2303 4492 2562 4550 formata
2583 4495 2664 4550 sit
2692 4498 2770 4564 (n.

639 4631 733 4688 De
775 4630 1313 4705 cor-respondentia
1354 4631 1527 4690 faciei
1568 4641 1631 4690 et
1672 4627 1806 4701 ejus
1851 4633 2129 4690 vultuum
2171 4649 2310 4691 cum
2351 4632 2770 4692 affectionibus
