3371 5304
488 580 615 643 208
1140 585 1243 637 m:
1288 581 1541 635 cai-:Lo
1586 580 1681 631 ET
1731 576 2094 629 mmmm.

508 754 633 817 sed
670 748 867 836 pauci
898 747 1147 829 sciunt,
1184 748 1467 831 quinam
1498 741 1982 825 intelliguntur
2012 760 2134 823 per
2168 736 2704 820 “intelligentes
2729 734 2761 761 ”

509 858 582 913 et
631 868 752 929 per
792 838 1363 927 “justificantes.’'
1455 839 1536 904 In
1579 838 1792 919 vulgo
1837 835 2157 910 creditur,
2207 836 2390 919 quod
2437 834 2577 897 sint
2647 833 2762 917 qui

510 950 848 1003 vocantur
878 938 1129 1002 eruditi
1161 946 1234 999 et
1268 931 1475 1007 docti,
1510 932 1842 1014 imprimis
1874 930 1986 1013 qui
2016 929 2401 993 docuerunt
2432 929 2500 991 in
2531 927 2757 992 eccle-

508 1036 632 1110 sia,
680 1056 761 1099 ac
824 1031 1376 1117 praecelluerunt
1420 1027 1573 1091 aliis
1619 1024 1934 1091 dofi'trina
1977 1032 2052 1087 et
2104 1023 2640 1104 praedicatione,
2687 1032 2760 1085 et

508 1128 739 1193 adhuc
778 1129 1013 1211 magis·
1039 1127 1082 1189 ii
1120 1125 1302 1189 inter
1338 1123 1494 1186 illos
1532 1122 1647 1204 qui
1684 1120 1773 1183 ad
1812 1118 2016 1183 fidem
2057 1127 2548 1182 converterunt
2587 1118 2759 1181 mul·

515 1233 651 1289 tos,
742 1221 1004 1287 Omnes
1050 1219 1230 1285 tales
1274 1220 1343 1282 in
1390 1217 1647 1280 mundo
1687 1216 2056 1278 creduntur
2103 1212 2600 1295 intelligente-⁴1,
2642 1214 2763 1277 sed

516 1338 728 1401 usque
764 1338 905 1381 non
942 1326 1105 1379 sunt
1136 1313 1611 1395 intelligentes
1647 1310 1718 1374 in
1750 1310 1970 1383 caelo,
2006 1309 2094 1372 de
2132 1308 2375 1391 quibus
2407 1308 2526 1372 illa
2557 1310 2764 1375 verba

510 1413 857 1488 dicuntur,
897 1413 955 1475 si
1000 1430 1139 1474 non
1183 1407 1650 1489 intelligentia
1684 1424 1920 1469 eorum
1967 1404 2057 1467 sit
2105 1401 2570 1484 intelligentia
2606 1424 2761 1469 cae-

512 1506 751 1587 lestis;
798 1527 975 1591 quae
1011 1505 1233 1589 qualis
1272 1505 1384 1578 sit,
1424 1505 1493 1566 in
1531 1520 1712 1565 nunc
1757 1498 2204 1583 sequentibus
2244 1500 2530 1563 dicetur.

640 1616 838 1686 347.
898 1599 1381 1680 Intelligentia
1424 1596 1748 1660 caelestis
1792 1603 1902 1658 est
1945 1594 2416 1678 intelligentia
2458 1597 2760 1671 interior,

511 1696 799 1760 oriunda
852 1716 945 1759 ex
1000 1714 1234 1758 amore
1278 1693 1443 1767 veri,
1494 1712 1631 1756 non
1678 1700 1964 1774 propter
2010 1688 2309 1773 aliquam
2355 1690 2650 1773 gloriam
2693 1693 2761 1756 in

512 1791 793 1866 mund0,
828 1810 955 1855 nec
988 1800 1275 1873 propter
1306 1787 1603 1871 aliquam
1636 1786 1932 1869 gloriam
1967 1786 2036 1849 in
2077 1786 2295 1861 caelo,
2330 1786 2454 1849 sed
2486 1796 2766 1872 propter

511 1889 736 1970 ipsum
781 1904 1041 1961 verum,
1081 1904 1219 1967 quo
1263 1882 1653 1947 afficiuntur
1699 1892 1774 1947 et
1819 1880 2254 1945 delectantur
2291 1883 2546 1947 intime.
2629 1879 2763 1965 Qui

512 1984 663 2066 ipso
694 2000 861 2045 vero
886 1978 1273 2043 afficiuntur
1297 1988 1370 2041 et
1402 1974 1860 2053 delectantur,
1888 1976 1988 2040 illi
2015 1975 2398 2041 afficiantur
2429 1988 2501 2042 et
2533 1979 2762 2043 delec-

513 2086 755 2141 tantur
786 2074 940 2137 luce
972 2072 1146 2137 caeli
1174 2094 1191 2153 ς
1240 2083 1313 2136 et
1346 2074 1461 2156 qui
1493 2072 1645 2137 luce
1672 2074 1868 2147 caeli,
1897 2071 1996 2135 illi
2020 2073 2230 2136 etiam
2258 2072 2509 2137 Divino
2534 2070 2760 2151 Vero:

512 2172 723 2237 immo
758 2169 921 2251 Ipso
952 2168 1279 2244 Domine,
1318 2188 1477 2231 nam
1512 2167 1634 2232 lux
1674 2169 1847 2231 caeli
1879 2176 1987 2231 est
2023 2166 2343 2231 Divinum
2379 2167 2658 2243 Verum,
2693 2179 2764 2233 et

514 2264 841 2329 Divinum
875 2262 1139 2327 Verum
1179 2274 1287 2326 est
1329 2263 1666 2326 Dominus
1713 2264 1781 2326 in
1829 2262 2028 2326 caelo
2063 2262 2409 2343 (videatur
2440 2282 2665 2347 supra,
2701 2284 2763 2327 n.

522 2356 873 2441 126-140).
964 2356 1159 2421 Haec
1198 2356 1323 2420 lux
1354 2378 1493 2421 non
1526 2358 1742 2421 intrat
1783 2377 1988 2441 quam
2027 2358 2092 2420 in
2132 2359 2456 2421 interiora
2489 2360 2760 2431 mentis,

516 2470 679 2517 nam
717 2452 1045 2515 interiora
1076 2453 1327 2515 mentis
1363 2452 1451 2515 ad
1491 2452 1958 2535 recipiendum
1993 2451 2182 2515 illam
2217 2451 2440 2517 lucem
2474 2453 2766 2517 formata

516 2556 678 2611 sunt
702 2568 719 2624 ;
758 2556 830 2611 et
855 2548 1035 2610 sicut
1058 2546 1273 2611 intrat
1300 2548 1513 2610 etiam
1536 2546 1750 2611 afficit
1783 2558 1856 2611 et
1881 2544 2184 2611 dele&at
2213 2569 2228 2625 ;
2270 2568 2426 2609 nam
2453 2548 2765 2631 quicquid

516 2664 555 2706 e
600 2640 800 2706 caelo
843 2639 1061 2704 influit
1110 2654 1184 2704 et
1230 2643 1573 2725 recipitur,
1618 2640 1994 2725 jucundum
2042 2652 2114 2706 et
2161 2662 2526 2706 amoenum
2578 2644 2646 2706 in
2693 2663 2768 2707 se

519 2738 777 2803 habet:
826 2735 1084 2800 exinde
1120 2746 1233 2800 est
1278 2739 1583 2819 genuina
1620 2735 1890 2802 affefflo
1927 2738 2090 2812 veri,
2128 2758 2301 2819 quae
2345 2747 2454 2801 est
2501 2733 2767 2802 affectio

518 2833 665 2896 veri
700 2840 987 2915 propter
1020 2851 1280 2895 verum.
1372 2830 1506 2914 Qui
1544 2833 1612 2896 in
1650 2832 1779 2896 hac
1817 2829 2179 2896 affefi'tione
2213 2841 2394 2906 sunt,
2429 2853 2548 2895 seu
2583 2833 2766 2915 quod

520 2927 728 3002 idem,
771 2927 886 3009 qui
930 2927 1001 2990 in
1037 2926 1169 2990 hoc
1208 2945 1464 3002 amore,
1500 2926 1601 2991 illi
1638 2927 2106 3009 intelligentia
2141 2926 2428 2991 caelesti
2466 2939 2647 3002 sunt,
2687 2948 2766 2992 ac

520 3023 591 3087 in
650 3020 849 3085 caelo
886 3021 1264 3103 splendent
1307 3024 1487 3086 sicut
1524 3021 1894 3105 splendore
1935 3023 2266 3103 expansi:
2315 3023 2498 3104 quod
2538 3021 2767 3103 splen-

521 3117 760 3190 deant,
802 3126 911 3180 est
950 3118 1109 3198 quia
1153 3115 1479 3181 Divinum
1519 3113 1804 3192 Verum,
1849 3117 2231 3200 ubicunque
2277 3128 2384 3179 est
2433 3118 2500 3179 in
2547 3117 2765 3190 caelo,

522 3211 712 3276 lucet
754 3209 1101 3294 (videatur
1145 3231 1369 3293 supra,
1412 3232 1475 3274 n.
1543 3211 1739 3294 132);
1797 3232 1878 3275 ac
1931 3211 2424 3294 “expansum”
2459 3210 2632 3274 caeli
2677 3233 2767 3276 ex

523 3307 1143 3389 correspondentia
1204 3304 1548 3388 significat
1608 3307 1776 3370 illud
1837 3305 2330 3382 intellectuale,
2386 3316 2532 3369 tam
2591 3307 2768 3387 apud

522 3401 816 3482 angelos
853 3421 1058 3483 quam
1096 3399 1277 3483 apud
1316 3401 1653 3475 homineS,
1689 3403 1870 3483 quod
1909 3403 1977 3465 in
2017 3401 2168 3466 luce
2206 3401 2378 3466 caeli
2417 3412 2544 3464 est.
2637 3399 2770 3482 Qui

524 3505 759 3560 autem
798 3496 866 3558 in
906 3516 1139 3558 amore
1178 3497 1319 3558 veri
1358 3505 1521 3558 sunt
1558 3495 1670 3560 vel
1719 3508 2002 3579 propter
2040 3497 2334 3580 gloriam
2378 3499 2442 3559 in
2492 3496 2767 3568 mundo,

524 3587 637 3652 vel
687 3599 971 3672 propter
1016 3589 1311 3671 gloriam
1372 3591 1439 3654 in
1488 3589 1708 3665 cae10,
1758 3591 1856 3654 illi
1901 3612 2043 3656 non
2092 3591 2322 3656 lucere
2367 3601 2660 3678 possunt
2707 3592 2772 3655 in

526 3683 743 3758 caelo,
786 3687 1109 3766 quoniam
1156 3705 1294 3748 non
1357 3682 1795 3749 deleEtantur
1853 3695 1924 3750 et
1985 3685 2370 3750 afficiuntur
2429 3685 2578 3768 ipsa
2623 3683 2774 3749 luce

526 3779 722 3852 caeli,
758 3779 878 3842 sed
919 3778 1068 3843 luce
1108 3780 1363 3854 mundi,
1396 3792 1467 3844 et
1506 3779 1679 3844 haec
1720 3779 1841 3844 lux
1881 3781 2138 3863 absque
2170 3780 2287 3843 illa
2324 3782 2389 3844 in
2431 3778 2628 3845 caelo
2665 3791 2770 3843 est

528 3892 716 3939 mera
756 3874 985 3956 caligo
1008 3869 1103 3936 zm)
1152 3873 1377 3956 gloria
1413 3877 1597 3939 enim
1659 3877 1760 3938 sui
1822 3877 2401 3958 praedominatur,
2449 3876 2607 3959 quia
2665 3885 2772 3937 est

1312 4083 1415 4136 [(ικ
1438 4095 1633 4126 Aternus
1656 4085 2002 4137 canus-rimu

640 4189 737 4256 (tt)
788 4183 965 4260 Quod
984 4185 1092 4241 lux
1112 4183 1320 4241 mundi
1340 4185 1419 4241 sit
1439 4201 1549 4258 pro
1567 4195 1818 4242 externo
1837 4187 2100 4250 homine,
2115 4187 2218 4241 lux
2237 4185 2386 4242 caeli
2406 4202 2517 4258 pro
2537 4184 2778 4241 interno

534 4257 618 4326 (n.
640 4257 1451 4400 &112022131121213cgffii2211fl3123273n
1476 4328 1680 4382 lumen
1706 4327 1990 4390 naturale,
2011 4336 2075 4382 et
2099 4327 2264 4400 quod
2283 4327 2572 4383 naturalis
2591 4327 2779 4384 homo

531 4407 771 4454 tantum
800 4399 1009 4468 sapiat,
1036 4409 1329 4469 quantum
1356 4398 1549 4453 lucem
1576 4398 1726 4454 caeli
1752 4397 1964 4469 recipit
1989 4399 2073 4460 (n.
2095 4411 2257 4468 4302,
2280 4397 2466 4467 4408).

641 4467 823 4540 Ωιιοά
849 4484 883 4523 e
907 4467 1041 4524 luce
1062 4469 1289 4528 mundi.
1304 4485 1459 4539 quae
1483 4468 1683 4524 lumen
1705 4469 1978 4524 naturale
1993 4479 2264 4533 vocatur,
2285 4485 2406 4524 non
2425 4469 2614 4524 videri
2641 4485 2778 4540 pos·

531 4548 657 4596 tint
681 4533 787 4593 illa
809 4554 963 4610 quae
990 4539 1051 4592 in
1078 4539 1212 4594 luce
1228 4540 1377 4594 caeli
1408 4550 1567 4602 sunt,
1591 4541 1699 4595 sed
1727 4539 1990 4594 vicissim
2017 4541 2102 4609 (n.
2127 4539 2322 4611 97540
2339 4539 2549 4611 97551).
