3371 5304
584 661 662 731 52
1221 660 1324 712 DE
1373 657 1626 712 eleLo
1674 660 1771 712 ET
1821 659 2185 714 INFERNO.

575 828 788 894 hendi
833 829 923 893 ab
967 827 1101 894 illis
1146 829 1260 911 qui
1319 849 1410 893 ex
1457 830 1887 894 sensualibus
1933 831 2210 896 externi
2254 829 2553 898 hominis
2596 833 2829 899 omnia

569 921 922 1006 judicant3
971 925 1304 988 sensualis
1330 927 1512 988 enim
1544 925 1755 990 homo
1788 946 1923 989 non
1956 937 2191 1010 potest
2225 926 2426 993 aliter
2456 928 2542 991 de
2576 927 2827 994 Divino

577 1038 783 1101 quam
816 1039 906 1082 ex
941 1020 1199 1084 mundo
1229 1029 1302 1084 et
1336 1041 1425 1084 ex
1457 1020 1590 1084 illis
1622 1040 1797 1103 quae
1829 1021 1919 1085 ibi
1952 1022 2283 1104 cogitare,
2316 1023 2414 1086 ita
2450 1022 2538 1086 de
2576 1022 2828 1088 Divino

575 1122 651 1176 et
689 1113 1020 1194 spirituali
1057 1115 1336 1178 homine
1373 1135 1510 1178 non
1547 1115 1753 1178 aliter
1782 1134 1986 1198 quam
2020 1118 2196 1182 sicut
2243 1117 2329 1181 de
2374 1137 2707 1200 corporeo
2752 1126 2825 1183 et

578 1207 910 1272 naturali:
969 1208 1317 1273 concludit
1362 1210 1542 1284 inde,
1584 1211 1768 1293 quod
1815 1211 1869 1273 si
1917 1210 2106 1275 Deus
2144 1222 2329 1276 esset
2377 1212 2608 1288 homo,
2648 1211 2825 1276 soret

579 1304 1056 1385 magnitudine
1095 1305 1268 1368 sicut
1308 1307 1717 1381 universum,
1758 1315 1831 1370 et
1869 1305 1925 1368 si
1961 1316 2235 1389 regeret
2274 1306 2539 1371 caelum
2577 1315 2648 1372 et
2685 1315 2825 1372 ter·

577 1418 744 1472 ram,
779 1397 1021 1482 [quod]
1045 1397 1237 1463 fieret
1261 1419 1380 1482 per
1400 1399 1654 1463 multos
1675 1400 1763 1463 ad
1784 1399 2063 1464 modum
2084 1422 2221 1484 quo
2239 1422 2439 1484 reges
2460 1403 2525 1465 in
2548 1403 2823 1466 mundo.

576 1490 648 1558 Si
707 1493 767 1556 ei
827 1494 1191 1569 diceretur,
1239 1491 1477 1576 ¹¹¹quod
1537 1495 1602 1558 in
1664 1495 1861 1560 caelo
1907 1516 2046 1560 non
2106 1497 2196 1560 sit
2250 1498 2575 1561 extensio
2618 1497 2827 1578 spatii

575 1587 796 1671 qualis
827 1589 894 1651 in
929 1589 1209 1664 munde,
1245 1607 1520 1670 prorsus
1554 1610 1692 1652 non
1726 1600 2005 1672 caperet
2035 1611 2050 1671 ;
2098 1591 2209 1674 qui
2242 1591 2422 1655 enim
2456 1612 2547 1654 ex
2582 1601 2825 1655 natura

575 1693 648 1748 et
695 1683 845 1747 solo
891 1683 1034 1766 ejus
1081 1684 1336 1746 lumine
1373 1685 1662 1766 cogitat,
1705 1703 2043 1768 nusquam·
2074 1685 2277 1750 aliter
2314 1687 2582 1768 cogitat
2618 1705 2823 1769 quam

574 1779 664 1842 ab
707 1789 1008 1843 extenso
1045 1777 1246 1861 quale
1301 1787 1409 1844 est
1467 1799 1701 1843 coram
1747 1780 2003 1844 oculis:
2068 1780 2191 1846 sed
2249 1780 2577 1845 falluntur
2620 1799 2825 1864 quam

575 1876 901 1950 maxime,
938 1893 1090 1938 cum
1127 1873 1442 1938 similiter
1472 1875 1787 1956 cogitant
1825 1873 1912 1939 de
1949 1874 2191 1954 caelo;
2236 1886 2607 1940 extensum
2638 1875 2822 1960 quod

574 1969 688 2044 ibi,
751 1990 887 2033 non
947 1976 1056 2032 est
1111 1969 1288 2032 sicut
1347 1977 1719 2033 extensum
1778 1971 1847 2032 in
1906 1970 2202 2050 mundo;
2272 1971 2340 2033 in
2400 1972 2657 2034 mundo
2714 1979 2825 2034 est

574 2074 945 2128 extensum
1007 2064 1542 2128 determinatum
1605 2074 1677 2129 et
1744 2065 1902 2128 inde
1960 2065 2438 2140 mensurabile,
2501 2067 2568 2129 in
2627 2064 2821 2130 caelo

573 2168 808 2224 autem
833 2169 940 2224 est
966 2169 1335 2225 extensum
1364 2179 1500 2223 non
1527 2159 2085 2235 determinatum,
2106 2169 2176 2223 et
2200 2159 2357 2223 inde
2385 2179 2521 2224 non
2548 2179 2819 2224 mensu-

572 2255 829 2334 rabile;
893 2255 1016 2320 sed
1049 2256 1134 2319 de
1173 2266 1472 2319 extenso
1519 2255 1586 2318 in
1625 2255 1822 2319 caelo
1861 2255 2199 2319 videbitur
2244 2255 2312 2318 in
2359 2256 2819 2338 sequentibus,

574 2350 685 2413 ubi
723 2350 809 2413 de
847 2348 1088 2431 Spatio
1126 2359 1198 2414 et
1235 2347 1578 2432 Tempore
1616 2351 1684 2414 in
1724 2347 1987 2414 Mundo
2020 2349 2371 2432 spirituali.
2462 2349 2824 2415 Praeterea

573 2445 855 2528 quisque
923 2447 1140 2520 novit,
1203 2454 1536 2526 quantum
1605 2465 1679 2508 se
1752 2445 1935 2507 visus
1995 2443 2174 2509 oculi
2232 2446 2577 2520 extendit,
2638 2445 2821 2528 quod

571 2561 821 2622 nempe
855 2541 941 2604 ad
975 2539 1194 2604 solem
1233 2550 1304 2604 et
1343 2541 1429 2604 ad
1469 2539 1733 2616 stellas,
1768 2561 1941 2624 quae
1974 2550 2246 2605 tantum
2280 2541 2581 2619 distant;
2628 2542 2822 2605 novit

571 2636 782 2701 etiam
820 2636 932 2719 qui
978 2635 1182 2700 altius
1222 2637 1511 2719 cogitat,
1552 2635 1736 2719 quod
1772 2636 1953 2699 visus
1992 2637 2298 2699 internus
2336 2635 2447 2718 qui
2486 2644 2593 2699 est
2631 2637 2821 2718 cogi·

571 2732 856 2796 tationis
889 2752 962 2795 se
996 2731 1217 2796 adhuc
1245 2732 1447 2796 latius
1473 2731 1838 2806 extendat,
1872 2742 1945 2795 et
1978 2732 2136 2795 inde
2169 2731 2353 2813 quod
2384 2732 2563 2794 visus
2595 2731 2819 2795 adhuc

570 2829 853 2891 interior
890 2828 1112 2891 adhuc
1151 2826 1396 2907 latius;
1445 2814 1605 2911 quid
1647 2847 1786 2890 non
1824 2827 2006 2890 visus
2046 2825 2331 2890 Divinus
2370 2827 2483 2909 qui
2518 2828 2821 2890 omnium

570 2924 851 2986 intimus
896 2933 968 2987 et
1015 2942 1369 3005 supremus
1410 2922 1563 2987 est?
1655 2920 1834 3003 Quia
1871 2922 2335 3003 cogitationes
2375 2921 2532 2985 talis
2570 2932 2820 2985 exten-

573 3018 783 3081 sionis
815 3028 999 3094 sunt,
1035 3018 1191 3082 ideo
1223 3018 1820 3081 communicantur
1852 3018 2083 3081 omnia
2112 3015 2287 3080 caeli
2325 3036 2487 3079 cum·
2512 3036 2821 3098 unoquo-

568 3112 672 3176 vis
707 3112 820 3188 ibi,
856 3113 954 3175 ita
984 3115 1213 3176 omnia
1245 3112 1474 3177 Divini
1508 3112 1689 3195 quod
1721 3112 1883 3175 facit
1917 3110 2204 3186 caelum,
2241 3120 2313 3175 et
2350 3110 2591 3195 implet
2623 3110 2815 3186 illud.

569 3216 646 3271 ut
683 3217 1039 3271 ostensum
1081 3217 1188 3271 est
1226 3209 1293 3271 in
1335 3208 1640 3273 articulis
1677 3209 1792 3291 qui
1831 3208 2277 3290 praecedunt.

698 3302 848 3367 86.
895 3302 1126 3367 Mirati
1159 3314 1319 3368 sunt
1351 3304 1447 3368 illi
1483 3304 1594 3387 qui
1633 3303 1699 3365 in
1740 3302 1937 3366 caelo
1968 3312 2150 3377 sunt,
2185 3301 2368 3385 quod
2400 3301 2714 3367 homines
2744 3322 2819 3369 se

575 3396 1054 3478 intelligentes
1085 3398 1396 3473 credant,
1437 3397 1548 3479 qui
1586 3397 1672 3461 de
1711 3396 2054 3471 invisibili,
2098 3395 2229 3459 hoc
2268 3404 2397 3471 est,
2437 3396 2821 3478 incompre-

565 3488 886 3554 hensibili
917 3491 1045 3555 sub
1075 3490 1306 3574 aliqua
1337 3491 1574 3565 forma,
1602 3509 1758 3554 cum
1791 3489 1877 3553 de
1915 3488 2090 3565 Deo,
2126 3490 2479 3571 cogitant3
2528 3498 2598 3553 et
2636 3489 2819 3572 quod

568 3588 683 3669 qui
729 3585 950 3661 aliter,
993 3606 1130 3650 non
1179 3586 1654 3669 intelligentes
1713 3594 1785 3649 et
1844 3604 2116 3669 quoque
2150 3584 2495 3667 simplices
2540 3585 2819 3663 dicant;

568 3699 723 3745 cum
757 3690 991 3746 tamen
1018 3682 1432 3745 contrarium
1467 3680 1576 3744 sit.
1667 3678 1910 3755 Aiunt,
1942 3678 2070 3744 “Si
2103 3678 2472 3763 explorent
2505 3698 2577 3742 se
2608 3678 2817 3761 ipsos,

569 3777 683 3859 qui
729 3776 888 3841 inde
925 3798 1000 3841 se
1037 3775 1516 3860 intelligentes
1549 3775 1860 3851 credunt,
1900 3794 2134 3839 annon
2180 3794 2305 3857 pro
2350 3772 2502 3837 Deo
2538 3774 2820 3838 videant

569 3872 934 3936 naturam?
1001 3874 1278 3955 quidam
1339 3871 1529 3936 illam
1592 3890 1766 3953 quae
1810 3888 2043 3935 coram
2090 3868 2303 3935 oculis
2362 3878 2494 3944 est,
2543 3870 2819 3951 quidam

571 3965 763 4032 illam
795 3987 970 4049 quae
1004 3987 1140 4032 non
1175 3986 1404 4031 coram
1439 3965 1704 4032 oculis?
1752 3965 1845 4031 Et
1877 3984 2107 4029 annon
2142 3964 2532 4029 caecutiant
2563 3964 2631 4027 in
2664 3973 2820 4027 tan·

568 4073 741 4139 tum,
777 4073 852 4127 ut
891 4083 1027 4127 non
1066 4064 1290 4127 sciant
1328 4062 1487 4147 quid
1529 4060 1737 4137 Deus,
1777 4061 1937 4144 quid
1977 4058 2286 4143 angelus,
2322 4058 2483 4143 quid
2520 4059 2817 4140 spiritus,

565 4159 729 4244 quid
767 4159 993 4222 anima
1039 4178 1161 4223 sua
1205 4178 1380 4241 quae
1417 4154 1678 4220 victura
1715 4166 1875 4239 post
1914 4164 2232 4229 mortem,
2268 4153 2428 4237 quid
2468 4154 2610 4218 vita
2646 4153 2819 4217 caeli

565 4254 748 4336 apud
815 4254 1186 4331 hominem,
1237 4264 1308 4318 et
1369 4252 1563 4337 plura
1621 4273 1797 4336 quae
1854 4250 2357 4334 intelligentiae
2404 4248 2617 4313 sunt?
2663 4267 2815 4317 cum

565 4360 804 4417 tamen
828 4350 1001 4415 haec
1030 4351 1259 4416 omnia
1283 4349 1648 4431 simplices,
1678 4368 1849 4431 quos
1876 4356 2153 4421 vocant,
2178 4365 2301 4409 suo
2336 4344 2545 4408 modo
2568 4342 2816 4419 sciunt,

565 4445 796 4511 ideam
829 4446 960 4511 Dei
996 4448 1097 4511 sui
1133 4446 1397 4511 habent
1428 4444 1613 4529 quod
1651 4445 1741 4507 sit
1781 4442 2103 4508 Divinum
2142 4442 2209 4504 in
2247 4440 2465 4504 forma
2494 4438 2817 4513 humana,

565 4542 794 4606 ideam
833 4542 1062 4625 angeli
1100 4540 1282 4626 quod
1321 4542 1411 4604 sit
1451 4538 1772 4604 caelestis
1810 4539 2041 4611 homo,
2081 4536 2309 4600 ideam
2348 4534 2618 4597 animae
2656 4552 2819 4597 suae

566 4658 742 4723 quae
773 4635 1033 4703 victura
1063 4648 1223 4720 post
1261 4646 1558 4701 mortem
1591 4635 1775 4719 quod
1814 4634 1902 4699 sit
1938 4634 2111 4697 sicut
2144 4628 2452 4714 angeluS,
2487 4642 2559 4693 et
2597 4628 2819 4695 ideam
