3371 5304
848 598 950 650 DE
996 595 1280 648 TERTIO
1323 596 1568 650 STATU
1615 594 1945 647 HOMINIS
1991 593 2175 646 Pos'r
2221 594 2571 646 MORTEM.
2710 598 2834 666 329

586 770 978 835 dinationes
1007 769 1076 833 in
1107 788 1364 852 genere
1395 778 1555 833 sunt
1589 767 1766 833 tales
1791 768 2229 835 z—Anterius
2261 776 2419 831 sunt
2452 766 2550 831 illi
2582 768 2695 852 qui
2727 768 2829 830 in-

585 867 824 934 fantes
849 865 1102 930 mortui
1139 873 1321 940 sunt,
1361 873 1433 928 et
1493 864 1580 927 ad
1628 873 1935 928 aetatem
1975 865 2261 946 primam
2308 861 2829 926 adolescentem

584 962 861 1025 educati
906 969 1068 1023 sunt
1114 958 1182 1022 in
1227 957 1472 1038 caelo;
1539 959 1654 1042 qui
1700 968 1857 1040 post
1912 959 2241 1022 infantiae
2287 976 2519 1022 eorum
2567 967 2828 1022 statum
2928 1009 2931 1014 .

583 1055 764 1136 apud
799 1053 1251 1129 educatrices,
1291 1052 1452 1116 illuc
1492 1073 1533 1116 a
1581 1051 1884 1116 Domino
1920 1052 2226 1117 seruntur
2261 1064 2333 1116 et
2379 1053 2825 1116 instruuntur.

581 1149 745 1213 Post
776 1147 934 1213 illos
965 1155 1123 1211 sunt
1155 1146 1307 1212 loca
1345 1148 1456 1210 ubi
1493 1148 1920 1211 instruuntur
1949 1148 2063 1230 qui
2101 1146 2320 1211 adulti
2360 1147 2611 1210 mortui
2642 1157 2823 1222 sunt,

583 1252 655 1308 et
693 1243 806 1327 qui
852 1245 920 1306 in
959 1243 1216 1306 mundo
1253 1242 1320 1305 in
1358 1241 1719 1306 affectione
1755 1243 1899 1305 veri
1944 1262 2032 1305 ex
2080 1242 2266 1307 bono
2306 1244 2491 1306 vitae
2530 1241 2821 1306 suerunt.

578 1339 745 1403 Post
785 1338 946 1402 illos
988 1347 1221 1402 autem
1259 1347 1418 1401 sunt
1462 1338 1577 1421 qui
1623 1335 2173 1400 Mahumedanae
2211 1336 2525 1420 religioni
2572 1333 2824 1400 addiffl

575 1432 866 1509 suerunt,
907 1441 980 1497 et
1019 1433 1087 1495 in
1127 1431 1388 1494 mundo
1426 1430 1759 1496 moralem
1792 1433 2007 1495 vitam
2048 1441 2362 1514 egerunt,
2398 1451 2476 1495 ac
2516 1451 2821 1513 agnove-

578 1535 739 1590 runt
779 1544 985 1591 unum
1027 1525 1373 1601 Divinum,
1415 1535 1486 1590 et
1536 1525 1907 1591 Dominum
1956 1537 2030 1590 ut
2079 1527 2311 1608 Ipsum
2359 1525 2821 1608 Prophetam;

575 1620 687 1703 qui
719 1639 874 1702 cum
900 1619 1234 1684 recedunt
1266 1639 1307 1682 a
1340 1617 1778 1695 Mahumede‚
1807 1620 1962 1703 quia
1989 1621 2155 1684 nihil
2190 1621 2339 1702 opis
2363 1621 2532 1684 ferre
2559 1628 2817 1701 potest,

577 1715 917 1779 accedunt
949 1714 1034 1776 ad
1069 1713 1463 1789 Dominum,
1491 1724 1562 1778 et
1597 1713 1829 1798 Ipsum
1857 1714 2117 1789 colunt,
2145 1726 2215 1778 et
2250 1714 2571 1777 Divinum
2600 1715 2819 1796 Ipsius

577 1818 987 1892 agnoscunt,
1045 1818 1117 1872 et
1180 1819 1344 1872 tunc
1405 1810 1834 1874 instruuntur
1896 1809 1963 1872 in
2022 1810 2353 1892 religione
2402 1808 2814 1876 Christiana.

575 1901 739 1968 Post
775 1904 928 1980 hos,
968 1904 1190 1986 magis
1227 1903 1314 1968 ad
1352 1905 1925 1986 septentrionem,
1960 1913 2119 1968 sunt
2160 1904 2314 1967 loca
2350 1901 2815 1968 instructionis

569 1999 904 2063 variarum
945 1997 1290 2074 Gentium,
1330 2019 1505 2082 quae
1550 2000 1616 2062 in
1657 1999 1913 2062 mundo
1949 2000 2203 2063 bonam
2241 2001 2457 2062 vitam
2496 1999 2813 2081 religioni

569 2113 733 2157 suae
783 2094 1203 2157 conformem
1259 2095 1603 2170 vixerunt,
1653 2103 1725 2158 et
1787 2095 2085 2178 speciem
2135 2095 2600 2159 conscientiae
2652 2095 2812 2158 inde

567 2198 952 2264 traxerunt,
993 2208 1070 2252 ac
1111 2188 1370 2270 justum
1418 2198 1490 2252 et
1536 2185 1797 2252 rec'tum
1843 2197 2157 2271 egerunt,
2198 2208 2335 2252 non
2382 2191 2481 2251 ita
2525 2198 2811 2272 propter

569 2282 761 2366 leges
807 2284 1155 2366 regiminis
1203 2303 1460 2359 eorum,
1503 2283 1626 2348 sed
1672 2295 1955 2368 propter
1993 2283 2186 2366 leges
2231 2284 2600 2366 religionis,
2642 2303 2810 2367 quas

565 2379 1003 2443 crediderunt
1041 2375 1277 2442 sanE’te
1310 2379 1800 2454 observandaS,
1835 2399 1915 2442 ac
1955 2379 2147 2443 nullo
2188 2379 2395 2442 modo
2430 2376 2625 2443 sactis
2663 2381 2809 2444 vio-

564 2473 850 2536 landas:
922 2493 1164 2537 omnes
1220 2473 1289 2536 hi
1347 2474 1433 2536 ad
1493 2474 2012 2556 agnoscendum
2076 2473 2467 2550 Dominum,
2527 2476 2807 2558 quando

561 2565 873 2632 instructi
912 2577 1093 2644 sunt,
1134 2569 1595 2650 perducuntur
1629 2567 1849 2644 facile,
1889 2569 2045 2652 quia
2089 2569 2295 2633 corde
2336 2579 2585 2651 gerunt
2622 2571 2806 2655 quod

565 2662 751 2729 Deus
797 2684 934 2728 non
973 2663 1330 2727 invisibilis
1374 2666 1488 2739 sit,
1529 2664 1652 2727 sed
1699 2664 1986 2729 visibilis
2024 2665 2151 2729 sub
2189 2662 2511 2728 Humana
2546 2664 2804 2730 forma}

560 2759 629 2822 hi
683 2758 980 2843 reliquos
1033 2778 1317 2823 numero
1376 2759 1781 2839 excedunt3
1853 2758 2125 2823 illorum
2184 2761 2429 2843 optimi
2486 2770 2648 2825 sunt
2709 2782 2801 2825 ex

563 2853 825 2919 Africa.

685 2964 876 3033 515.
936 2946 1073 3012 Sed
1120 2965 1362 3012 omnes
1407 2968 1546 3012 non
1594 2946 1797 3012 simili
1844 2949 2052 3013 modo
2096 2948 2545 3025 instruuntur,
2587 2970 2715 3013 nec
2760 2970 2801 3015 a

559 3042 896 3108 similibus
940 3042 1392 3106 societatibus
1439 3043 1632 3107 caeli.
1726 3042 1835 3109 Illi
1882 3044 1995 3127 qui
2053 3043 2142 3107 ab
2195 3044 2481 3108 infantia
2526 3044 2801 3109 educati

557 3148 716 3202 sunt
751 3140 816 3200 in
857 3136 1075 3213 caelo,
1114 3138 1540 3201 instruuntur
1575 3137 1664 3201 ab
1700 3137 1965 3221 angelis
1997 3139 2392 3202 interiorum
2426 3138 2795 3215 caelorum,

556 3232 875 3317 quoniam
936 3251 1074 3294 non
1132 3230 1304 3295 falsa
1361 3231 1775 3296 imbiberunt
1836 3252 1928 3296 ex
1995 3231 2181 3297 salsis
2233 3232 2605 3316 religionis,
2668 3254 2795 3297 nec

553 3330 769 3392 vitam
829 3346 1022 3390 suam
1081 3326 1506 3408 spiritualem
1565 3326 2095 3410 inquinaverunt
2156 3329 2643 3392 crassamentis
2703 3350 2795 3393 ex

553 3421 926 3487 honoribus
971 3431 1044 3486 et
1091 3422 1348 3485 divitiis
1392 3422 1459 3483 in
1507 3421 1787 3486 mundo.
1878 3421 2011 3503 Qui
2057 3421 2277 3487 adulti
2312 3424 2563 3487 mortui
2610 3432 2791 3498 sunt,

553 3517 856 3601 plerique
888 3517 1317 3580 instruuntur
1351 3516 1442 3580 ab
1477 3516 1745 3599 angelis
1783 3514 2005 3581 ultimi
2034 3517 2230 3592 caeli,
2264 3518 2421 3601 quia
2457 3516 2524 3581 hi
2563 3518 2795 3601 angeli

552 3612 1214 3676 accommodatiores
1251 3610 1384 3674 illis
1421 3622 1580 3675 sunt
1618 3630 1821 3693 quam
1860 3611 2090 3693 angeli
2128 3612 2523 3675 interiorum
2564 3613 2792 3679 caelo-

553 3726 745 3785 rum;
815 3726 974 3771 nam
1027 3706 1098 3771 hi
1155 3707 1224 3770 in
1277 3706 1600 3769 interiore
1646 3706 1985 3788 sapientia
2042 3714 2224 3782 sunt,
2264 3726 2439 3791 quae
2488 3708 2790 3772 nondum

549 3802 890 3882 recipitur.
982 3799 1470 3865 Mahumedani
1494 3821 1658 3865 vero
1688 3802 1778 3865 ab
1807 3800 2072 3883 angelis
2096 3802 2209 3885 qui
2243 3802 2424 3883 prius
2454 3800 2521 3865 in
2547 3792 2789 3866 eadem

549 3896 880 3979 religione
945 3895 1236 3971 fuerant,
1292 3906 1367 3960 et
1426 3896 1741 3960 conversi
1794 3897 1880 3960 ad
1940 3895 2423 3961 Christianam.
2526 3896 2791 3963 Gentes

551 4010 820 4075 quoque
857 4012 898 4055 a
933 3991 1072 4054 suis
1108 3990 1396 4072 angelis.

674 4086 874 4168 516·
933 4084 1176 4149 Omnis
1221 4082 1578 4149 instructio
1624 4084 1717 4149 ibi
1781 4084 1858 4150 fit
1924 4106 2015 4149 ex
2082 4083 2397 4151 doctrina
2454 4106 2631 4170 quae
2694 4108 2787 4152 ex

547 4180 807 4256 Verbo,
847 4190 919 4245 et
958 4201 1096 4245 non
1134 4201 1226 4245 ex
1265 4180 1502 4245 Verbo
1540 4181 1799 4265 absque
1837 4179 2171 4246 doctrina.
2263 4181 2633 4247 Christiani
2680 4184 2785 4247 in-

545 4286 899 4341 struuntur
961 4296 1052 4341 ex
1113 4273 1428 4340 doctrina
1483 4275 1791 4351 caelesti,
1846 4297 2022 4359 quae
2076 4297 2353 4358 prorsus
2404 4278 2785 4341 concordat

545 4389 700 4435 cum
769 4372 1041 4435 interno
1094 4390 1299 4435 sensu
1343 4370 1581 4435 Verbi.
1673 4370 1967 4455 Reliqui,
2006 4382 2081 4435 ut
2149 4370 2660 4447 Mahumedani,
2708 4380 2781 4436 et

545 4466 833 4543 GenteS,
893 4487 982 4530 ex
1044 4463 1373 4530 doctrinis
1435 4462 1668 4547 captui
1729 4486 1965 4531 eorum
2030 4468 2457 4550 adaequatis,
2514 4488 2687 4549 quae
2740 4486 2783 4531 a

543 4558 856 4626 doarina
907 4560 1194 4626 caelesti
1247 4560 1456 4625 modo
1507 4560 1825 4625 differunt
1884 4562 1953 4625 in
2012 4582 2119 4638 eo,
2173 4563 2357 4646 quod
2410 4563 2780 4646 spiritualis
