3371 5304
581 639 696 720 178
1223 652 1324 702 DE
1369 651 1624 705 CAELO
1671 653 1768 702 m·
1814 651 2179 704 lnrssnuo.
2300 615 2309 624 ’

569 843 708 889 non
741 824 917 889 sciat
948 824 1128 908 quod
1163 843 1386 887 nexus
1417 824 1534 888 ille
1563 824 1658 888 'sit
1692 845 1815 907 per
1838 825 2095 902 caelos,
2127 845 2282 890 cum
2314 833 2553 890 tamen
2583 825 2817 902 homo,

569 921 626 984 si
684 919 1069 984 solveretur
1126 919 1244 983 ille
1305 939 1548 996 nexus,
1611 917 1923 986 ac'tutum
1982 922 2268 994 caderet
2328 931 2660 985 mortuus.
2748 920 2823 986 Si

569 1017 780 1081 homo
815 1017 1130 1082 crederet
1170 1017 1348 1080 sicut
1395 1035 1504 1080 res
1549 1016 1616 1079 in
1664 1037 1741 1080 se
1786 1027 1917 1091 est,
1957 1017 2143 1101 quod
2182 1037 2389 1081 omne
2426 1018 2685 1082 bonum
2730 1017 2820 1082 sit

567 1132 610 1174 a
655 1112 976 1188 Domin0,
1017 1121 1090 1176 et
1137 1131 1342 1176 omne
1391 1111 1645 1177 malum
1693 1112 1783 1176 ab
1828 1113 2115 1190 inferno,
2164 1123 2329 1177 tunc
2378 1133 2518 1176 non
2562 1114 2820 1178 bonum

568 1209 748 1292 apud
809 1227 886 1272 se
930 1209 1352 1272 meritorium
1397 1208 1676 1284 faceret,
1728 1229 1853 1274 nec
1900 1211 2355 1291 imputaretur
2406 1210 2468 1274 ei
2521 1208 2819 1286 malum3

555 1295 728 1368 ‘nam
767 1303 864 1368 sic
911 1305 978 1367 in
1018 1305 1205 1368 omni
1247 1303 1434 1368 bono
1471 1304 1654 1386 quod
1696 1306 1969 1387 cogitat
2015 1315 2087 1368 et
2134 1305 2299 1368 facit
2332 1302 2687 1386 spectaret
2732 1306 2818 1368 ad

572 1400 966 1474 Dominum,
1015 1409 1088 1463 et
1147 1418 1354 1463 omne
1411 1399 1692 1474 malum,
1750 1401 1932 1482 quod
1994 1399 2235 1476 influit,
2283 1399 2679 1481 rejiceretur
2731 1400 2819 1463 ad

568 1491 902 1559 infernum
949 1493 1129 1558 unde
1175 1503 1306 1558 est.
1395 1492 1534 1558 Sed
1579 1495 1738 1578 quia
1785 1494 1997 1560 homo
2056 1515 2193 1559 non
2254 1496 2476 1560 credit
2521 1495 2817 1578 aliquem

567 1590 898 1654 influxum
930 1610 969 1655 e
1001 1589 1200 1654 caelo
1233 1599 1304 1654 et
1337 1611 1430 1654 ex
1463 1590 1750 1666 inferne,
1779 1600 1851 1656 et
1885 1593 2046 1656 inde
2078 1599 2279 1673 putat
2312 1590 2497 1674 quod
2534 1591 2603 1655 in
2642 1611 2717 1654 se
2746 1599 2821 1654 et

567 1686 729 1749 inde
765 1685 950 1768 quod
987 1706 1028 1749 a
1067 1705 1140 1750 se
1178 1686 1317 1749 sint
1355 1686 1585 1749 omnia
1621 1705 1797 1768 quae
1830 1687 2097 1768 cogitat
2129 1695 2203 1751 et
2240 1705 2415 1769 quae
2452 1685 2629 1760 vult,·
2662 1685 2819 1749 ideo

569 1780 684 1846 ille
709 1781 1106 1865 appropriat
1137 1781 1265 1847 sibi
1303 1780 1584 1858 malum,
1617 1791 1690 1846 et
1729 1783 1981 1848 bonum
2013 1781 2197 1865 quod
2230 1781 2449 1846 influit
2486 1800 2815 1863 conspur-

568 1885 684 1942 cat
721 1876 991 1942 merito.

1489 2351 1894 2438 [XXXIV]

591 2539 708 2604 DE
757 2537 1360 2619 CONJUNCTIONE
1397 2537 1644 2604 CAELI
1689 2551 1850 2604 cum
1898 2538 2230 2605 Homul-3
2276 2553 2419 2604 PER
2460 2539 2815 2606 Vssnmm.

693 2739 899 2809 303·
971 2725 1084 2790 Illi
1139 2726 1254 2808 qui
1317 2746 1408 2790 ex
1467 2727 1737 2791 ratione
1796 2726 2123 2791 interiore
2182 2726 2527 2808 cogitant,
2584 2726 2817 2791 videre

569 2831 858 2903 possunt
889 2823 1074 2903 quod
1103 2822 1404 2886 omnium
1439 2842 1662 2887 nexus
1688 2824 1777 2887 sit
1800 2843 1922 2905 per
1944 2824 2355 2887 intermedia
2384 2842 2539 2887 cum
2567 2821 2813 2898 Primo,

567 2925 641 2981 et
685 2916 871 2999 quod
915 2917 1236 2999 quicquid
1285 2936 1424 2981 non
1469 2919 1540 2981 in
1577 2938 1767 2982 nexu
1805 2928 1937 2993 est,
1975 2917 2285 2997 diffluat;
2346 2918 2572 2982 sciunt
2608 2918 2815 2995 enim,

567 3030 722 3075 cum
773 3013 1116 3093 cogitant,
1157 3012 1370 3095 quod⁸
1404 3012 1574 3077 nihil
1633 3014 2009 3078 subsistere
2069 3014 2290 3095 possit
2350 3032 2395 3076 a
2450 3032 2547 3089 se,
2596 3014 2722 3077 sed
2774 3032 2819 3076 a

567 3106 772 3189 priori
807 3127 906 3183 se,
945 3108 1047 3171 ita
1079 3108 1315 3171 omnia
1345 3128 1388 3173 a
1419 3108 1687 3187 Prim03
1734 3119 1807 3173 et
1836 3109 2024 3191 quod
2054 3128 2281 3171 nexus
2312 3128 2467 3172 cum
2502 3108 2706 3191 priori
2742 3128 2819 3171 se

569 3202 661 3266 sit
699 3202 876 3265 sicut
914 3212 1024 3266 est
1063 3201 1344 3267 effectus
1388 3222 1543 3267 cum
1589 3224 1715 3269 sua
1760 3223 1973 3267 causa
2008 3203 2393 3280 efficiente;
2442 3222 2595 3267 cum
2634 3204 2817 3266 enim

567 3296 871 3361 aufertur
899 3318 1108 3362 causa
1137 3297 1442 3363 efficiens
1479 3320 1522 3363 a
1559 3319 1684 3363 suo
1717 3297 1981 3375 effectu,
2018 3310 2179 3363 tunc
2215 3297 2496 3363 effectus
2527 3297 2818 3363 solvitur

567 3402 640 3457 et
685 3392 1033 3457 dilabitur.
1142 3392 1320 3476 Quia
1365 3394 1460 3459 ita
1506 3388 1989 3477 cogitaverunt
2034 3392 2243 3469 docti,
2294 3394 2451 3458 ideo
2497 3394 2817 3459 viderunt

568 3497 641 3552 et
679 3487 1022 3563 dixerunt,
1049 3490 1234 3572 quod
1268 3488 1720 3554 subsistentia
1756 3490 1846 3554 sit
1885 3498 2219 3574 perpetua
2250 3489 2671 3566 existentia3
2716 3488 2819 3553 ita

567 3582 748 3665 quod
787 3584 1020 3647 omnia
1055 3604 1096 3647 a
1135 3584 1382 3661 Prim0,
1422 3606 1463 3649 a
1494 3605 1628 3667 quo
1659 3586 1818 3669 quia
1848 3586 2297 3659 exstiterunt,
2326 3584 2539 3650 etiam
2571 3604 2813 3666 perpe·

569 3688 691 3742 tuo
729 3679 1066 3755 existant,
1115 3678 1248 3744 hoc
1295 3690 1430 3755 est,
1469 3680 1878 3745 subsistant.
1970 3678 2105 3744 Sed
2152 3680 2371 3765 qualis
2423 3689 2532 3744 est
2594 3698 2815 3744 nexus

568 3772 860 3855 cujusvis
906 3774 1004 3837 rei
1051 3794 1205 3838 cum
1259 3776 1464 3857 priori
1525 3796 1620 3850 se,
1661 3776 1763 3839 ita
1816 3795 1971 3840 curn
2020 3775 2243 3839 Primo
2289 3796 2330 3838 a
2375 3794 2511 3858 quo
2556 3776 2811 3847 omnia.

569 3889 706 3931 non
766 3870 999 3952 paucis
1058 3870 1194 3934 dici
1246 3880 1508 3952 potest,
1556 3870 1716 3954 quia
1775 3882 1884 3935 est
1936 3871 2162 3935 varius
2209 3880 2281 3934 et
2328 3870 2678 3951 diversus3
2746 3871 2814 3933 in

567 3984 824 4047 genere
857 3966 1078 4029 solum
1112 3966 1296 4049 quod
1335 3987 1559 4030 nexus
1595 3966 1688 4030 sit
1726 3966 1961 4029 mundi
2000 3966 2329 4029 naturalis
2366 3984 2522 4030 cum
2560 3966 2817 4030 mundo

569 4060 928 4144 spirituali,
969 4072 1042 4125 et
1089 4062 1273 4147 quod
1320 4062 1479 4126 inde
1525 4062 1616 4126 sit
1663 4060 1847 4143 quod
1886 4060 2499 4143 con-respondentia
2536 4061 2627 4124 sit
2666 4078 2815 4123 om·

571 4158 755 4220 nium
792 4177 966 4240 quae
1007 4158 1073 4221 in
1114 4156 1412 4221 naturali
1459 4156 1717 4221 mundo
1756 4166 1917 4220 sunt
1964 4175 2118 4220 cum
2166 4155 2481 4219 omnibus
2526 4176 2702 4238 quae
2748 4156 2815 4219 in

571 4253 905 4337 spirituali
955 4251 1074 4337 (de
1116 4272 1252 4336 qua
1297 4250 1930 4335 correspondentia
1966 4252 2302 4328 videatur,
2344 4270 2409 4315 n.
2456 4250 2817 4332 103—115);

569 4361 716 4414 tum
740 4350 924 4432 quod
964 4368 1186 4413 nexus
1210 4348 1298 4413 sit
1329 4357 1402 4413 et
1434 4348 1594 4411 inde
1618 4348 2234 4430 cot-respondentia
2259 4348 2564 4410 omnium
2595 4345 2815 4411 homi·

573 4445 677 4509 nis
708 4464 863 4509 cum
895 4445 1212 4509 omnibus
1249 4443 1424 4509 caeli
1464 4442 1584 4526 (de
1617 4464 1755 4527 qua
1790 4444 2000 4510 etiam
2041 4462 2265 4527 supra,
2300 4462 2364 4507 n.
2392 4441 2699 4527 87-102).

697 4552 906 4621 3⁰4.
969 4540 1203 4605 Homo
1246 4541 1347 4604 ita
1391 4549 1666 4604 creatus
1704 4547 1832 4616 est,
1860 4549 1936 4604 ut
1982 4558 2240 4603 nexum
2278 4548 2351 4603 et
2390 4534 2817 4619 conjunctio-

574 4655 730 4701 nem
789 4635 1046 4701 habeat
1106 4654 1262 4700 cum
1317 4634 1641 4713 Domino,
1697 4644 1772 4701 at
1832 4652 1986 4700 cum
2045 4634 2314 4719 angelis
2373 4635 2549 4700 caeli
2608 4634 2819 4698 modo
