3371 5304
686 649 791 700 DE
828 647 1074 700 sui-u
1114 636 1642 698 utnon-:mus
1680 641 2158 696 ANGELORUM
2196 645 2279 695 m
2314 642 2583 696 cmm.
2682 625 2796 712 165

673 819 862 886 282·
923 817 1102 901 Quia
1138 817 1530 882 innocentia
1561 825 1670 882 est
1701 815 1925 900 ipsum
1959 815 2135 880 Esse
2171 814 2335 880 boni
2372 815 2551 898 apud
2586 835 2800 898 ange-

553 913 661 978 los
693 914 888 990 caeli,
913 923 1108 996 patet
1133 911 1316 996 quod
1350 912 1672 976 Divinum
1708 911 1974 976 Bonum
2001 912 2383 995 procedens
2422 931 2463 974 a
2502 911 2801 976 Domino

555 1011 647 1076 sit
683 1010 832 1092 ipsa
871 1009 1306 1084 Innocentia,
1339 1027 1522 1072 nam·
1547 1008 1618 1073 id
1663 1007 1933 1074 Bonum
1978 1017 2086 1072 est
2133 1006 2315 1091 quod
2362 1006 2582 1072 influit
2619 1007 2801 1090 apud

555 1105 870 1188 angelos,
909 1115 983 1169 et
1030 1101 1244 1168 afficit
1287 1101 1561 1167 illorum
1599 1101 1865 1178 intima,
1904 1121 1985 1166 ac
2035 1102 2341 1186 disponit
2389 1113 2461 1166 et
2507 1101 2800 1184 adaptat

553 1199 643 1264 ad
680 1199 1147 1282 recipiendum
1186 1218 1391 1263 omne
1427 1198 1687 1262 bonum
1723 1197 1945 1264 caeli:
2000 1197 2318 1263 similiter
2352 1197 2428 1262 fit
2467 1198 2647 1280 apud
2695 1199 2797 1260 in-

553 1295 805 1373 fanteS,
853 1315 1140 1380 quorum
1201 1294 1529 1359 interiora
1593 1313 1715 1378 per
1774 1291 2228 1359 transfluxum
2274 1295 2714 1358 innocentiae
2760 1314 2801 1357 a

555 1391 856 1456 Domino
901 1412 1040 1455 non
1087 1391 1300 1454 modo
1344 1389 1746 1467 formantur,
1786 1390 1908 1454 sed
1955 1391 2166 1454 etiam
2213 1391 2539 1454 continue
2584 1389 2798 1472 adap-

553 1489 794 1551 tantur
831 1489 902 1550 et
941 1482 1402 1568 disponuntur
1437 1486 1523 1549 ad
1561 1485 2030 1569 recipiendum
2060 1486 2317 1549 bonum
2350 1485 2603 1548 amotis
2640 1503 2799 1550 cae-

552 1579 772 1658 lestis,
820 1581 1144 1666 quoniam
1202 1581 1462 1646 bonum
1521 1581 1964 1647 innocentiae
2016 1582 2105 1645 ab
2162 1582 2409 1645 intimo
2467 1581 2640 1664 agit,
2689 1589 2798 1645 est

551 1677 758 1754 enim,
791 1679 869 1742 ut
914 1673 1174 1742 dic'tum
1221 1686 1354 1755 est,
1387 1677 1567 1742 Esse
1612 1677 1838 1741 omnis
1881 1677 2065 1740 boni.
2160 1675 2275 1740 Ex
2321 1675 2427 1739 his
2472 1687 2796 1740 constare

551 1783 812 1858 potest,
851 1773 1035 1856 quod
1074 1773 1298 1837 omnis
1342 1771 1745 1838 innocentia
1797 1773 1887 1839 sit
1946 1793 1989 1837 a
2047 1771 2398 1836 Domino:
2462 1772 2621 1836 inde
2667 1779 2792 1850 est,

551 1867 735 1952 quod
779 1865 1118 1932 Dominus
1177 1869 1248 1931 in
1307 1863 1548 1933 Verbo
1607 1865 1877 1933 dicatur
1935 1867 2207 1951 Agnus,
2256 1882 2416 1932 nam
2467 1867 2797 1951 “agnus”

552 1961 895 2046 significat
940 1961 1520 2028 innocentiam.(⁸·)
1622 1961 1802 2046 Quia
1855 1964 2257 2028 innocentia
2312 1971 2421 2028 est
2478 1964 2794 2027 intimum

552 2049 621 2122 ih
665 2055 854 2121 omni
887 2057 1075 2122 bono
1111 2058 1310 2136 caeli,
1349 2059 1508 2122 ideo
1544 2076 1815 2143 quoque
1852 2057 1971 2122 illa
2006 2059 2107 2123 ita
2135 2049 2347 2137 afficit
2386 2067 2678 2134 mentes,
2718 2071 2795 2124 ut

551 2154 664 2236 qui
721 2151 909 2216 illam
967 2155 1202 2230 sentit,
1241 2153 1424 2237 quod
1473 2151 1551 2219 fit
1611 2154 2206 2238 appropinquante
2264 2153 2516 2237 angelo
2572 2153 2794 2217 intimi

551 2247 744 2326 caeli,
777 2249 1092 2313 videatur
1127 2249 1254 2314 sibi
1293 2269 1432 2314 non
1469 2247 1765 2333 suijuris
1798 2271 1973 2326 esse,
2013 2256 2085 2314 et
2130 2251 2296 2314 inde
2332 2249 2455 2313 tali
2495 2248 2794 2332 jucundo

549 2338 728 2409 affici
763 2351 835 2409 et
879 2345 1070 2428 quasi
1109 2340 1372 2422 auferri,
1405 2353 1482 2410 ut
1526 2353 1857 2428 appareat
1904 2364 2107 2410 omne
2147 2345 2518 2427 jucundum
2558 2345 2793 2408 mundi

550 2439 718 2504 nihil
755 2461 906 2505 esse
938 2438 1356 2524 respefitive:
1407 2461 1497 2504 ex
1535 2441 2069 2526 apperceptione
2106 2441 2248 2524 ejus
2282 2440 2415 2505 hoc
2454 2439 2713 2526 loquor.

675 2534 872 2618 283.
930 2531 1193 2600 Omnes
1229 2533 1342 2620 qui
1376 2535 1446 2600 in
1483 2536 1669 2601 bono
1708 2537 2145 2601 innocentiae
2184 2544 2365 2612 sunt,
2406 2535 2790 2602 afficiuntur

548 2627 983 2710 innocentia:
1032 2639 1102 2696 et
1141 2638 1474 2716 quantum
1505 2628 1653 2717 quis
1690 2633 1758 2696 in
1797 2629 1917 2698 illo
1948 2633 2135 2697 bono
2173 2639 2303 2709 est,
2337 2637 2607 2697 tanturn
2641 2623 2788 2696 affi-

549 2726 758 2792 citur:
808 2736 884 2791 at
920 2727 1031 2812 qui
1063 2746 1201 2791 non
1231 2728 1300 2791 in
1331 2728 1518 2791 bono
1542 2728 1983 2793 innocentiae
2016 2738 2197 2806 sunt,
2234 2745 2371 2792 non
2404 2726 2789 2793 afficiuntur

546 2818 702 2886 iila:
750 2831 1168 2904 quapropter
1192 2838 1433 2887 omnes
1464 2819 1562 2886 illi
1586 2821 1699 2905 qui
1730 2822 1797 2885 in
1823 2822 2087 2888 inferno
2118 2831 2299 2897 sunt,
2319 2841 2591 2905 prorsus
2622 2841 2785 2886 con·

546 2927 652 2981 tra
688 2912 1154 2981 innocentiam
1192 2923 1394 2996 sunt3
1453 2933 1580 2982 nec
1613 2916 1838 2982 sciunt
1883 2918 2044 3002 quid
2092 2918 2532 2997 innocentia3
2578 2918 2787 2982 immo

547 3010 724 3075 tales
768 3022 951 3089 sunt,
991 3019 1066 3076 ut
1111 3022 1443 3095 quantum
1489 3014 1637 3098 quis
1681 3014 2033 3089 innocenS,
2075 3019 2348 3077 tantum
2384 3010 2679 3095 flagrent
2725 3014 2787 3077 ei

544 3106 870 3172 damnum
905 3107 1189 3173 inferre:
1235 3106 1394 3173 inde
1430 3115 1560 3185 est,
1600 3106 1785 3192 quod
1822 3128 1959 3173 non
1998 3110 2383 3173 sustineant
2419 3109 2655 3174 videre
2683 3108 2783 3173 in·

543 3200 812 3283 fantes;
869 3213 945 3268 ut
990 3204 1280 3286 primum
1329 3202 1589 3283 vident,
1636 3205 2097 3269 incenduntur
2157 3204 2416 3269 crudeli
2469 3203 2785 3287 cupidine

545 3296 857 3363 nocendi.
949 3296 1064 3363 Ex
1109 3319 1195 3364 eo
1241 3300 1485 3382 patuit,
1524 3299 1709 3383 quod
1753 3301 2096 3385 proprium
2149 3300 2467 3377 hominis,
2508 3310 2580 3365 et
2624 3300 2784 3365 inde

543 3409 737 3458 amor
773 3395 899 3469 sui,
938 3394 1026 3459 sit
1065 3401 1309 3460 contra
1351 3396 1861 3477 innocentiam3
1923 3411 2083 3461 nam
2121 3412 2359 3461 omnes
2404 3397 2521 3480 qui
2566 3396 2633 3460 in
2679 3394 2783 3460 in-

545 3488 737 3553 semo
771 3499 955 3567 sunt,
993 3490 1064 3554 in
1102 3490 1376 3576 proprio
1413 3498 1574 3556 sunt
1613 3502 1685 3555 et
1724 3490 1882 3557 inde
1921 3489 1989 3557 in
2030 3510 2263 3557 amore
2302 3488 2499 3556 sui.(¹·'

1328 3690 1408 3743 (ιι
1432 3700 1626 3734 mann
1649 3693 1975 3744 mmm.)

650 3790 755 3861 (m)
796 3790 977 3865 Quod
1009 3784 1298 3863 “agnus‘'
1328 3792 1390 3848 in
1421 3790 1624 3849 Verbo
1651 3786 1949 3865 significet
1980 3794 2389 3851 innocentiam
2421 3805 2483 3850 et
2512 3796 2646 3866 eius
2674 3791 2783 3853 bo-

543 3873 688 3917 num
717 3867 798 3932 (n.
826 3876 982 3932 3994,
1015 3866 1227 3933 ¹0¹3²)·

649 3966 738 4041 (n)
781 3966 960 4043 Quod
989 3970 1296 4041 proprium
1323 3968 1587 4026 hominis
1610 3970 1688 4026 sit
1718 3985 1783 4027 se
1812 3985 2011 4028 amare
2037 3988 2178 4044 prae
2211 3972 2359 4035 Deo.
2384 3974 2449 4029 et
2488 3970 2779 4029 mundum

541 4040 740 4113 “lpme
767 4042 952 4105 caelo,
975 4050 1038 4096 et
1077 4040 1248 4097 nihili
1277 4040 1474 4099 iacere
1503 4042 1844 4113 proximum
1876 4042 2205 4113 respective
2241 4045 2317 4101 ad
2354 4058 2455 4107 se:
2504 4044 2590 4099 ita
2616 4044 2781 4115 quod

539 4114 620 4171 sit
641 4128 814 4169 amor
834 4113 927 4169 sui
951 4123 1016 4168 et
1033 4108 1244 4169 mundi
1267 4114 1348 4181 (n.
1373 4112 1495 4182 694,
1521 4126 1644 4183 731,
1668 4126 1829 4183 4317.
1860 4114 2039 4185 5660).

744 4183 825 4238 od
855 4182 994 4238 mali
1021 4183 1142 4239 sint
1209 4192 1411 4241 torsus
1435 4194 1648 4241 contra
1673 4184 2099 4251 innocentiam,
2124 4202 2317 4258 usque
2346 4196 2414 4243 ut
2446 4202 2567 4243 non
2597 4186 2777 4243 suffe-

541 4261 644 4312 ran
699 4254 1098 4328 praesentiam
1124 4268 1160 4310 e
1185 4265 1254 4311 us
1283 4254 1363 4323 (n.
1391 4254 1574 4325 2126).
