3371 5304
1229 594 1329 645 m:
1374 592 1766 661 coNJuGus
1811 596 1894 645 IN
1937 548 2212 649 cAssLo.
2718 604 2838 671 ²35

720 760 917 846 3¹78.
978 763 1203 828 Amor
1244 764 1651 848 conjugialis
1697 786 1826 832 nec
1871 766 2076 832 datur
2119 768 2302 833 inter
2345 768 2546 833 binos
2593 769 2706 852 qui
2751 790 2842 833 ex

597 859 869 923 diversa
905 860 1239 942 religione
1276 872 1459 937 sunt,
1494 864 1818 946 quoniam
1854 880 2090 927 verum
2129 866 2324 928 unius
2369 884 2512 928 non
2549 884 2842 929 concor-

596 956 719 1019 dat
764 972 921 1019 cum
969 956 1155 1019 bono
1198 956 1507 1033 alterius,
1546 976 1627 1022 ac
1673 957 1814 1022 duo
1849 959 2208 1025 dissimilia
2253 970 2328 1023 et
2373 961 2843 1024 discordantia

596 1070 735 1115 non
774 1070 980 1113 unam
1020 1062 1324 1115 mentem
1362 1072 1455 1116 ex
1498 1054 1768 1125 duabus
1803 1054 2030 1117 facere
2069 1066 2382 1137 possunt,
2423 1068 2844 1139 quapropter

594 1148 791 1229 origo
835 1149 1089 1211 amoris
1132 1148 1405 1211 illorum
1450 1168 1588 1211 non
1632 1150 1892 1231 aliquid
1939 1170 2030 1213 ex
2075 1152 2416 1234 spirituali
2461 1153 2723 1229 trahit3
2783 1153 2841 1215 si

593 1243 1004 1307 cohabitant
1050 1251 1123 1306 et
1170 1244 1622 1320 concordant,
1672 1255 1784 1309 est
1831 1244 2054 1309 solum
2099 1266 2192 1309 ex
2238 1247 2462 1311 causis
2509 1246 2840 1311 naturali·

593 1336 815 1402 busy>
905 1338 1019 1401 Ex
1052 1336 1183 1401 hac
1215 1358 1425 1402 causa
1454 1340 1523 1401 in
1556 1339 1768 1403 caelis
1799 1342 2152 1405 sociantur
2175 1341 2492 1423 conjugia
2517 1360 2670 1405 cum
2703 1341 2840 1404 illis

591 1435 705 1515 qui
734 1434 918 1497 intra
948 1434 1361 1497 societatem
1394 1443 1579 1509 sunt,
1613 1436 1774 1517 quia
1803 1436 1872 1497 in
1905 1436 2106 1499 simili
2139 1436 2326 1499 bono
2359 1447 2433 1501 et
2463 1455 2630 1501 vero
2654 1446 2836 1509 sunt,

591 1548 730 1592 non
770 1538 1005 1593 autem
1042 1548 1197 1592 cum
1236 1528 1371 1592 illis
1414 1531 1530 1613 qui
1574 1538 1780 1593 extra
1825 1533 2262 1595 societatem.
2354 1530 2560 1613 Quod
2594 1550 2838 1595 omnes

589 1625 702 1707 qui
744 1626 839 1689 ibi
876 1626 1059 1689 intra
1094 1625 1503 1688 societatem
1536 1633 1724 1699 sunt,
1761 1626 1831 1689 in
1879 1626 2080 1689 simili
2119 1626 2306 1690 bono
2347 1639 2423 1692 et
2467 1646 2634 1692 vero
2669 1629 2834 1702 sint,

589 1738 669 1784 ac
706 1720 1028 1784 differant
1060 1721 1149 1783 ab
1184 1720 1323 1783 illis
1358 1720 1471 1803 qui
1506 1730 1736 1796 extra,
1769 1722 2090 1785 videatur
2125 1740 2328 1804 supra
2359 1720 2460 1804 (n.
2493 1740 2600 1803 41,
2635 1722 2836 1806 seq.).

590 1816 747 1881 Hoc
775 1834 1045 1900 quoque
1070 1826 1669 1899 repraesentatum
1697 1827 1806 1881 est
1838 1818 2018 1899 apud
2043 1828 2328 1898 gentem
2355 1818 2833 1893 Israeliticam,

586 1932 707 1995 per
738 1913 921 1996 quod
953 1911 1274 1994 conjugia
1310 1912 1641 1975 inirentur
1678 1912 1861 1975 intra
1895 1913 2138 1988 tribus,
2171 1922 2246 1976 et
2283 1914 2352 1975 in
2389 1915 2620 1997 specie
2652 1914 2834 1977 intra

586 2006 899 2083 familias,
939 2016 1011 2071 et
1050 2026 1189 2071 non
1228 2016 1435 2071 extra
1478 2007 1655 2071 illas.

709 2114 909 2185 379.
970 2102 1192 2166 Amor
1214 2122 1377 2166 vere
1400 2102 1808 2185 conjugialis
1837 2122 1966 2166 nec
1993 2102 2242 2167 dabilis
2273 2114 2382 2168 est
2413 2104 2596 2168 inter
2627 2123 2832 2167 unum

585 2200 905 2262 maritum
942 2207 1017 2262 et
1054 2198 1285 2281 plures
1320 2218 1619 2277 uxores;
1668 2200 1740 2263 id
1771 2199 1958 2262 enim
1983 2200 2280 2264 destruit
2319 2200 2654 2281 originem
2691 2200 2834 2281 ejus

583 2294 1031 2375 spiritualem,
1065 2313 1240 2377 quae
1272 2304 1381 2357 est
1414 2302 1490 2357 ut
1520 2314 1613 2357 ex
1646 2293 1824 2358 binis
1853 2294 2188 2359 formetur
2217 2314 2354 2358 una
2384 2315 2580 2359 mens
2607 2316 2625 2375 3
2673 2314 2832 2377 pro-

582 2390 741 2453 inde
786 2390 1083 2453 destruit
1128 2387 1677 2470 conjunctionem
1717 2390 2134 2465 interiorem,
2173 2410 2350 2473 quae
2395 2400 2504 2454 est
2551 2391 2712 2454 boni
2757 2400 2830 2455 et

581 2486 746 2561 veri,
788 2505 963 2568 quae
1000 2493 1111 2549 est
1155 2504 1247 2548 ex
1294 2505 1427 2568 qua
1462 2486 1612 2567 ipsa
1647 2487 1954 2549 essentia
1999 2486 2182 2549 illius
2215 2488 2488 2551 amoriS.
2577 2485 2830 2567 Conju-

580 2582 767 2663 gium
814 2600 971 2644 cum
1018 2579 1323 2664 pluribus
1380 2598 1584 2664 quam
1646 2600 1802 2644 cum
1857 2598 1994 2644 una
2051 2592 2162 2645 est
2219 2582 2398 2645 sicut
2433 2580 2830 2645 intellefflms

580 2677 839 2740 divisus
876 2677 943 2739 in
984 2675 1211 2760 plures
1258 2675 1697 2755 voluntates;
1758 2695 1838 2740 ac
1887 2679 2063 2741 sicut
2109 2676 2320 2741 homo
2365 2695 2506 2741 non
2551 2678 2666 2742 uni
2703 2679 2830 2741 sed

578 2769 881 2855 pluribus
914 2772 1277 2835 addicatus
1310 2771 1643 2844 ecclesiis,
1680 2773 1776 2835 sic
1815 2775 2000 2836 enim
2033 2772 2456 2836 destrahitur
2485 2771 2655 2836 fides
2685 2771 2828 2854 ejus

578 2887 791 2950 usque
850 2875 927 2931 ut
988 2866 1176 2930 nulla
1220 2865 1360 2930 fiat.
1450 2867 1712 2949 Angeli
1759 2867 2020 2942 dicunt,
2069 2868 2253 2950 quod
2299 2867 2528 2950 plures
2573 2884 2828 2932 uxores

576 2963 826 3027 ducere
864 2964 953 3026 sit
1000 2981 1276 3045 prorsus
1312 2973 1561 3027 contra
1608 2963 1930 3026 Divinum
1971 2963 2324 3041 ordinem;
2387 2973 2458 3027 et
2515 2964 2697 3045 quod
2755 2964 2826 3028 id

574 3076 667 3120 ex
713 3057 1016 3140 pluribus
1056 3059 1280 3121 causis
1326 3059 1571 3132 sciant,
1612 3066 1688 3122 et
1735 3078 2004 3140 quoque
2050 3079 2142 3121 ex
2187 3077 2296 3133 e0,
2335 3059 2519 3140 quod
2567 3069 2642 3122 ut
2689 3061 2824 3141 pri·

576 3169 763 3215 mum
793 3153 1113 3234 cogitant
1161 3153 1248 3216 de
1286 3153 1608 3235 conjugio
1652 3169 1805 3216 cum
1848 3153 2176 3235 pluribus,
2211 3153 2694 3218 abalienentur
2735 3153 2826 3218 ab

573 3247 847 3311 interna
871 3247 1307 3312 beatitudine
1338 3257 1411 3312 et
1444 3248 1730 3312 caelesti
1759 3249 2118 3323 felicitate,
2145 3258 2220 3312 et
2251 3249 2436 3330 quod
2461 3259 2628 3313 tunc
2655 3247 2822 3313 fiant

573 3341 753 3406 sicut
787 3342 982 3416 ebrii,
1022 3341 1180 3424 quia
1214 3341 1629 3424 disjungitur
1662 3341 1922 3406 bonum
1969 3363 2010 3406 a
2047 3361 2169 3406 suo
2199 3361 2367 3406 vero
2403 3342 2586 3425 apud
2623 3343 2822 3419 illos;

570 3444 647 3499 et
690 3435 849 3519 quia
894 3437 1222 3500 interiora
1258 3455 1433 3518 quae
1478 3438 1736 3500 mentis
1773 3455 2009 3500 eorum
2058 3455 2149 3501 ex
2195 3436 2349 3500 sola
2391 3438 2822 3518 cogitatione

570 3549 725 3595 cum
758 3531 991 3614 aliqua
1024 3531 1417 3596 intentione
1450 3533 1518 3596 in
1551 3532 1768 3596 talem
1807 3542 2069 3596 statum
2102 3534 2410 3606 veniunt,
2439 3533 2822 3614 percipiunt

571 3625 757 3690 clare
802 3627 985 3709 quod
1024 3625 1416 3708 conjug-ium
1454 3645 1609 3690 cum
1649 3626 1952 3709 pluribus
1986 3647 2194 3711 quam
2233 3631 2396 3690 cum'
2427 3645 2562 3690 una
2605 3629 2818 3714 inter·

572 3741 735 3785 num
782 3741 1020 3786 eorum
1062 3721 1371 3796 claudat,
1412 3732 1485 3786 et
1530 3723 1740 3786 faciat
1789 3732 1864 3786 ut
1911 3723 2069 3787 loco
2115 3725 2368 3786 amoris
2415 3722 2821 3805 conjugialis

569 3838 645 3882 se
675 3817 927 3883 inferat
956 3837 1150 3882 amor
1181 3817 1532 3893 lasciviae,
1566 3819 1677 3902 qui
1711 3837 1905 3884 amor
1934 3817 2220 3883 abducit
2253 3839 2293 3883 a
2324 3817 2607 3883 caelo.(⁹)
2697 3820 2819 3884 Di-

1357 4017 1457 4072 stu
1480 4027 1677 4060 Auem
1701 4019 2046 4072 mm„

678 4121 783 4190 (p)
932 4119 1015 4176 od
1044 4117 1331 4191 coniugia
1362 4129 1519 4176 inter
1549 4119 1683 4176 illos
1757 4119 1818 4176 ui
1849 4136 1884 4176 e
1912 4120 2152 4176 diversa
2181 4121 2474 4193 religione
2501 4129 2666 4182 sunt.
2697 4121 2820 4178 sint

570 4191 799 4254 illicita,
819 4206 858 4246 o
926 4206 1050 4246 non
1075 4185 1567 4262 conjunctionem
1594 4136 1809 4246 similis
1834 4191 1978 4247 boni
2003 4202 2068 4247 et
2085 4191 2214 4248 veri
2241 4191 2302 4247 in
2330 4193 2715 4250 interioribus
2738 4195 2818 4263 (n.

568 4261 755 4330 8998)·

675 4381 757 4452 (ᾳ)
812 4379 1113 4454 Quoniam
1153 4381 1403 4437 maritus
1438 4389 1503 4438 et
1538 4397 1693 4437 uxor
1725 4397 1918 4436 unum
1949 4392 2150 4446 erunt,
2181 4393 2245 4439 et
2281 4383 2720 4440 cohabitabunt
2755 4383 2814 4439 in

568 4451 788 4506 intimo
816 4452 997 4514 vitae,
1029 4461 1093 4507 et
1129 4453 1271 4524 quia
1306 4452 1536 4508 faciunt
1572 4451 1753 4508 simul
1790 4469 1976 4509 unum
2013 4455 2294 4526 angelum
2335 4456 2394 4509 in
2433 4457 2618 4518 caelo,
2651 4457 2816 4526 quod

568 4521 707 4577 ideo
737 4538 909 4578 amor
936 4539 1079 4578 vere
1118 4523 1477 4596 conjugialis
1508 4539 1629 4580 non
1661 4525 1880 4581 dabilis
1915 4524 1997 4580 sit
2035 4525 2193 4581 inter
2219 4541 2408 4580 unum
2438 4527 2722 4582 maritum
2753 4538 2817 4584 et

566 4593 767 4664 plures
791 4609 1012 4650 uxores
1040 4595 1123 4658 (n.
1155 4607 1305 4664 1907,
1332 4595 1516 4662 2740).
