3371 5304
711 623 814 674 DE
862 621 1362 687 AEQulleuo
1407 621 1646 674 mma
1692 620 2007 677 canum
2052 619 2149 676 ΕΤ
2197 619 2623 671 INFERNUM.
2714 607 2831 686 381

597 794 680 860 In
739 795 999 862 mundo
1035 792 1332 860 naturali
1387 801 1496 860 est
1555 791 1765 858 etiam
1802 789 2271 876 aequilibrium
2316 789 2497 856 inter
2534 789 2831 854 calorem

595 901 670 957 et
701 890 934 973 frigus,
967 890 1148 955 inter
1179 889 1402 952 lucem
1435 898 1508 956 et
1541 889 1875 962 umbram,
1902 897 1975 952 et
2006 887 2188 954 inter
2218 887 2475 952 siccum
2512 894 2585 949 et
2615 885 2830 950 humi-

595 985 801 1066 dum3
862 987 1088 1052 media
1133 995 1604 1068 temperatura
1648 996 1758 1050 est
1804 984 2301 1070 aequilibrium.
2390 983 2520 1046 Est
2566 1003 2831 1066 quoque

597 1083 1070 1166 aequilibrium
1116 1083 1184 1147 in
1231 1081 1546 1150 omnibus
1589 1078 1913 1164 subjeetis
1950 1097 2318 1162 regnorum
2364 1079 2623 1154 mundi,
2662 1097 2831 1160 quae

595 1189 760 1244 sunt
807 1179 962 1254 tria,
1008 1197 1256 1262 nempe
1303 1176 1656 1252 minerale,
1696 1175 2116 1258 vegetabile,
2152 1184 2228 1238 et
2272 1171 2623 1252 animale;
2677 1191 2833 1237 nam

597 1273 856 1356 absque
910 1272 1310 1358 aequilibrio
1368 1273 1439 1336 in
1495 1271 1632 1336 illis
1665 1271 1834 1338 nihil
1870 1271 2119 1336 existit
2170 1278 2244 1334 et
2300 1269 2660 1346 subsistit3
2728 1277 2833 1332 est

599 1367 818 1434 ubivis
855 1369 1034 1432 sicut
1071 1377 1366 1433 conatus
1401 1368 1492 1432 ab
1529 1387 1664 1432 una
1701 1376 1901 1452 parte
1934 1385 2153 1448 agens
2188 1374 2261 1429 et
2304 1364 2395 1428 ab
2429 1363 2649 1428 altera
2684 1381 2833 1428 rea-

598 1483 794 1546 gens.
863 1461 1108 1530 Omnis
1125 1464 1507 1528 existentia
1531 1482 1654 1528 seu
1679 1463 1903 1528 omnis
1922 1459 2202 1526 effectus
2216 1459 2294 1524 fit
2318 1460 2385 1523 in
2406 1458 2835 1542 aequilibrio,

601 1559 779 1623 [used
812 1555 888 1622 fit
927 1579 1046 1642 per
1072 1559 1144 1622 id
1177 1558 1364 1644 quod
1396 1577 1532 1622 una
1561 1558 1664 1624 vis
1696 1567 1865 1640 agat
1900 1566 1977 1623 et
2004 1556 2227 1622 altera
2258 1556 2557 1638 patiatur
2588 1574 2661 1618 se
2696 1553 2835 1636 agi,

599 1674 722 1718 seu
756 1654 942 1738 quod
972 1673 1108 1720 una
1136 1654 1240 1718 vis
1269 1654 1547 1735 agendo
1577 1652 1841 1727 influat,
1874 1663 1946 1718 et
1982 1651 2206 1718 altera
2234 1649 2521 1732 recipiat
2558 1659 2633 1714 et
2668 1669 2835 1714 con-

597 1751 958 1815 venienter
987 1749 1214 1814 cedat.
1303 1747 1386 1816 In
1417 1749 1674 1812 mundo
1707 1747 2005 1812 naturali
2038 1747 2105 1810 id
2144 1745 2329 1830 quod
2358 1746 2509 1828 agit
2546 1753 2619 1809 et
2656 1745 2836 1828 quod

599 1846 822 1928 reagit
861 1854 1148 1908 vocatur
1183 1845 1286 1908 vis
1329 1852 1404 1908 et
1440 1863 1711 1928 quoque
1748 1853 2088 1920 conatum
2132 1843 2259 1906 sed
2297 1842 2365 1906 in
2402 1841 2662 1906 mundo
2698 1840 2837 1924 spi-

599 1940 828 2006 rituali
865 1941 933 2002 id
965 1939 1148 2023 quod
1180 1940 1331 2022 agit
1370 1949 1444 2004 et
1480 1939 1664 2024 quod
1696 1939 1942 2020 reagit,
1982 1947 2269 2002 vocatur
2304 1937 2449 2002 vita
2486 1947 2559 2000 et
2594 1933 2837 1999 volun-

601 2045 759 2112 tas;
817 2035 964 2100 vita
999 2035 1091 2100 ibi
1129 2045 1238 2100 est
1283 2035 1386 2098 vis
1432 2036 1610 2110 viva,
1647 2043 1722 2098 et
1767 2033 2091 2098 voluntas
2136 2041 2245 2098 est
2292 2043 2585 2097 conatus
2622 2033 2835 2104 vivus,

599 2139 674 2196 et
739 2131 962 2214 ipsum
1029 2130 1496 2213 aequilibrium
1542 2138 1833 2194 vocatur
1876 2128 2183 2193 liberum.
2272 2127 2542 2192 Existit
2608 2128 2839 2210 itaque

599 2237 674 2296 et
715 2228 1033 2292 subsistit
1071 2227 1543 2309 aequilibrium
1577 2225 1931 2310 spirituale
1973 2247 2096 2292 seu
2140 2223 2449 2300 liberum,
2489 2226 2670 2289 inter
2714 2225 2839 2288 bo-

601 2342 764 2388 num
787 2323 877 2388 ab
901 2343 1034 2387 una
1057 2333 1256 2406 parte
1281 2342 1516 2404 agenS,
1539 2331 1618 2386 et
1641 2322 1899 2386 malum
1922 2322 2015 2386 ab
2034 2321 2257 2386 altera
2284 2329 2479 2402 parte
2504 2339 2797 2403 reagens
2822 2340 2839 2397 ;

601 2417 714 2482 vel
751 2419 931 2483 inter
965 2418 1221 2482 malum
1263 2418 1354 2482 ab
1391 2438 1528 2482 una
1562 2427 1761 2501 parte
1793 2435 2039 2498 agens,
2070 2425 2145 2480 et
2190 2415 2447 2480 bonum
2492 2415 2596 2484 ab.
2622 2415 2843 2480 altera

601 2523 798 2598 parte
827 2533 1164 2596 reagens:
1211 2513 1683 2596 aequilibrium
1712 2513 1895 2576 inter
1930 2512 2185 2576 bonum
2220 2531 2439 2594 agens
2475 2520 2549 2575 et
2586 2510 2840 2574 malum

600 2628 896 2693 reagens
919 2619 1030 2673 est
1048 2608 1226 2691 apud
1261 2609 1504 2685 bonos»,
1531 2617 1604 2673 at
1637 2605 2113 2692 aequilibrium
2140 2606 2319 2673 inter
2342 2605 2599 2672 malum
2624 2623 2840 2689 agens

601 2713 674 2770 et
740 2706 998 2769 bonum
1041 2722 1335 2786 reagens
1388 2713 1497 2767 est
1556 2703 1737 2787 apud
1788 2702 2029 2767 malos.
2116 2700 2323 2785 Quod
2370 2701 2839 2785 aequilibrium

601 2799 954 2885 spirituale
991 2800 1084 2863 sit
1121 2800 1302 2864 inter
1339 2801 1592 2864 bonum
1641 2810 1715 2863 et
1760 2798 2037 2873 malum,
2078 2809 2185 2861 est
2222 2797 2379 2879 quia
2413 2816 2618 2860 omne
2656 2797 2840 2861 vitae

603 2894 897 2960 hominis
934 2916 1008 2960 se
1046 2894 1249 2959 refert
1287 2895 1374 2957 ad
1412 2895 1668 2958 bonum
1708 2903 1779 2957 et
1817 2894 1905 2957 ad
1944 2892 2223 2967 malum,
2257 2913 2337 2956 ac
2374 2891 2701 2957 voluntas
2732 2899 2840 2958 est

603 2990 1140 3073 receptaculum.
1227 2990 1358 3055 Est
1417 3010 1689 3073 quoque
1736 2988 2207 3070 aequilibrium
2254 2988 2435 3053 inter
2478 3004 2715 3055 verum
2768 2994 2841 3050 et

602 3085 891 3164 salsum;
945 3085 1068 3149 sed
1103 3085 1238 3149 hoc
1271 3086 1624 3169 dependet
1665 3086 1760 3149 ab
1800 3084 2201 3167 aequilibrio
2244 3084 2423 3147 inter
2466 3083 2723 3147 bonum
2766 3091 2843 3147 et

603 3180 856 3245 bonum
889 3190 961 3247 et
993 3180 1270 3245 malum.
1359 3180 1859 3263 Aequilibrium
1886 3181 2063 3247 inter
2087 3198 2321 3243 verum
2350 3188 2425 3244 et
2455 3178 2699 3241 falsum
2730 3187 2841 3242 est

604 3276 780 3341 sicut
823 3277 1006 3341 inter
1052 3275 1276 3341 lucem
1319 3284 1392 3340 et
1434 3275 1770 3351 umbram,
1810 3294 1986 3358 quae
2034 3284 2307 3339 tantu-m
2354 3283 2729 3356 operantur
2772 3274 2841 3337 in

605 3366 908 3453 subjecta
942 3371 1138 3453 regni
1179 3370 1612 3453 vegetabilis,
1653 3380 1985 3453 quantum
2030 3371 2099 3435 in
2144 3370 2297 3433 luce
2343 3378 2413 3433 et
2458 3370 2697 3433 umbra
2734 3378 2843 3433 est

604 3465 794 3528 calor
827 3474 901 3529 et
938 3465 1184 3547 frigus:
1233 3465 1416 3549 quod
1457 3465 1578 3529 lux
1615 3475 1689 3529 et
1728 3466 1965 3529 umbra
2002 3486 2095 3528 ex
2132 3484 2206 3530 se
2245 3463 2413 3527 nihil
2445 3472 2839 3547 operentur,

607 3558 725 3623 sed
759 3559 939 3643 quod
975 3560 1162 3624 calor
1194 3580 1313 3644 per
1345 3561 1517 3637 illas,
1547 3570 1868 3627 constare
1910 3568 2142 3642 potest
2188 3580 2279 3624 ex
2324 3561 2527 3623 simili
2572 3558 2723 3623 luce
2770 3567 2843 3623 et

608 3655 844 3719 umbra
876 3664 1188 3739 tempore
1220 3655 1462 3719 hiemis
1494 3664 1564 3720 et
1595 3666 1907 3741 tempore
1939 3656 2167 3719 veris:
2226 3654 2671 3737 Comparatio
2701 3654 2843 3718 veri

605 3760 678 3816 et
711 3750 864 3815 salsi
901 3770 1056 3816 cum
1093 3752 1245 3815 luce
1283 3762 1355 3816 et
1402 3752 1641 3817 umbra
1677 3762 1787 3816 est
1832 3773 1924 3815 ex
1970 3752 2581 3833 correspondentia
2602 3774 2619 3830 ;
2682 3769 2843 3815 nam

607 3865 839 3912 verum
887 3847 1382 3930 correspondet
1441 3846 1596 3923 luci,
1643 3845 1890 3911 salsum
1938 3846 2237 3922 umbrae,
2284 3856 2358 3911 et
2416 3846 2607 3911 calor
2658 3846 2843 3911 bono

607 3942 857 4007 amoris
887 3963 904 4021 ;
950 3954 1024 4007 et
1062 3964 1329 4027 quoque
1369 3942 1490 4007 lux
1527 3942 1901 4025 spiritualis
1936 3951 2047 4007 est
2084 3960 2341 4017 verum,
2377 3942 2616 4005 umbra
2649 3942 2842 4023 spiri-

609 4036 810 4101 tualis
856 4047 966 4103 est
1010 4037 1278 4113 salsum,
1327 4056 1406 4103 ac
1454 4037 1643 4103 calor
1690 4037 2060 4124 spiritualis
2104 4048 2217 4103 est
2270 4038 2525 4103 bonum
2570 4038 2843 4101 amoris.

611 4130 748 4213 (De
785 4153 919 4216 qua
954 4154 1027 4197 re
1065 4134 1377 4197 videatur
1412 4132 1478 4197 in
1517 4134 1811 4198 articulo
1847 4134 1958 4199 ubi
2004 4134 2091 4199 de
2130 4131 2316 4197 Luce
2362 4143 2434 4198 et
2480 4131 2730 4199 Calore
2776 4134 2842 4196 in

609 4224 844 4303 Caele,
886 4248 950 4291 n.
997 4228 1304 4309 126-140,
1343 4226 1572 4292 ac'tum
1611 4228 1773 4313 est.)

732 4338 947 4406 590.
1010 4324 1142 4388 Est
1204 4335 1610 4407 perpetuum
1670 4324 2145 4409 aequilibrium
2202 4325 2381 4390 inter
2434 4325 2701 4389 caelum
2768 4333 2842 4388 et

610 4417 964 4484 infernum.
1045 4420 1160 4484 Ex
1193 4420 1456 4485 inferno
1486 4423 1815 4486 continue
1840 4422 2151 4505 exspirat
2182 4430 2255 4486 et
2287 4420 2601 4487 ascendit
2633 4440 2842 4484 cona-

609 4522 722 4581 tus
758 4515 1047 4580 faciendi
1085 4516 1361 4591 malum,
1395 4527 1468 4582 et
1512 4538 1604 4581 ex
1651 4517 1849 4583 caelo
1886 4519 2209 4583 continue
2248 4519 2559 4601 exspirat
2604 4526 2677 4581 et
2719 4516 2844 4579 de·

610 4610 878 4675 scendit
925 4623 1216 4677 conatus
1261 4612 1551 4678 faciendi
1597 4614 1873 4679 bonum.
1966 4615 2045 4679 In
2104 4614 2225 4679 illo
2284 4614 2685 4697 aequilibrio
2735 4622 2844 4676 est
