3371 5304
867 617 970 670 DE
1016 616 1375 681 LOQUELA
1413 616 1896 668 ANGELORUM
1942 615 2102 668 CUM
2152 617 2483 668 HOMINE.
2682 619 2800 684 143

557 790 937 875 procedens
974 813 1017 854 a
1047 790 1372 868 Domino,
1411 791 1568 875 quia
1603 791 1672 855 id
1704 800 1811 855 est
1846 791 1967 854 lux
2000 788 2175 856 caeli
2210 799 2281 855 et
2311 792 2458 856 vita
2491 791 2665 856 caeli
2700 788 2797 874 (n.

566 886 910 970 126-140).

679 997 865 1066 2³1.
929 981 1240 1045 Influxus
1296 981 1518 1065 Ipsius
1578 981 1861 1047 Domini
1920 982 2103 1063 apud
2153 982 2505 1046 hominem
2563 991 2671 1047 est
2729 983 2799 1046 in

555 1077 852 1142 frontem
908 1077 1112 1154 illius,
1161 1087 1231 1142 et
1287 1078 1448 1141 inde
1493 1079 1560 1141 in
1608 1087 1835 1141 totam
1880 1077 2165 1156 faciem3
2241 1079 2566 1160 quoniam
2611 1078 2799 1142 frons

555 1172 848 1236 hominis
881 1172 1374 1255 correspondet
1412 1173 1649 1246 amori,
1690 1183 1763 1236 et
1797 1170 2007 1236 facies
2044 1172 2539 1254 correspondet
2578 1175 2800 1236 omni-

553 1268 679 1331 bus
723 1268 1158 1332 interioribus
1203 1263 1450 1348 ejuS.(⁸⁸)
1539 1267 1849 1330 Influxus
1894 1266 2299 1348 angelorum
2346 1267 2799 1349 spiritualium

555 1364 734 1446 apud
769 1363 1120 1427 hominem
1145 1372 1254 1427 est
1291 1364 1358 1426 in
1391 1373 1599 1446 caput
1633 1362 1775 1444 ejus
1810 1362 2259 1445 undequaque
2296 1382 2339 1424 a
2373 1362 2799 1446 frontispicio

554 1468 628 1523 et
669 1458 1098 1541 temporibus
1144 1459 1232 1521 ad
1280 1477 1558 1522 omnem
1604 1467 1875 1540 partem
1922 1457 2049 1520 sub
2092 1477 2229 1539 qua
2274 1466 2381 1520 est
2420 1458 2795 1534 cerebrum,

554 1554 710 1636 quia
775 1553 894 1617 illa
951 1555 1142 1635 regio
1201 1553 1446 1635 capitis
1505 1552 2003 1636 correspondet
2062 1551 2589 1633 intelligentiae.
2680 1552 2797 1618 In-

553 1649 776 1712 fluxus
823 1658 1056 1713 autem
1101 1650 1506 1731 angelorum
1550 1648 1955 1713 caelestium
2006 1657 2114 1712 est
2164 1649 2231 1712 in
2290 1648 2481 1711 illam
2528 1658 2795 1730 partem

553 1746 798 1828 capitis
836 1744 963 1808 sub
1000 1764 1134 1827 qua
1178 1755 1290 1808 est
1335 1744 1777 1819 cerebellum,
1817 1754 1889 1808 et
1925 1754 2218 1807 vocatur
2254 1744 2669 1826 occipitium,
2709 1744 2797 1807 ab

552 1840 820 1904 auribus
845 1840 1294 1922 undequaque
1327 1840 1580 1903 circum
1610 1859 1825 1921 usque
1862 1859 1903 1900 a
1940 1840 2227 1913 cervice,
2264 1858 2421 1902 nam
2454 1838 2573 1901 illa
2602 1841 2797 1922 regio

552 1935 1045 2018 correspondet
1083 1935 1485 2018 sapientiae.
1577 1931 1821 1997 Omnis
1867 1932 2143 2016 loquela
2188 1934 2591 2016 angelorum
2639 1953 2793 1998 cum

550 2030 828 2094 homine
869 2031 1084 2102 intrat
1138 2049 1260 2112 per
1307 2029 1463 2092 illas
1507 2028 1656 2092 vias
1701 2030 1769 2092 in
1824 2030 2289 2110 cogitationes
2348 2025 2513 2107 ejus,
2622 2028 2793 2093 Inde

550 2134 1042 2208 apperceptum
1073 2135 1205 2200 est,
1234 2125 1507 2207 quinam
1545 2124 1779 2206 angeli
1809 2124 2104 2198 fuerunt,
2132 2126 2247 2208 qui
2279 2140 2547 2189 mecum
2580 2124 2794 2188 locuti

551 2231 734 2284 sunt.

677 2330 866 2400 252.
925 2313 1060 2396 Qui
1090 2313 1460 2398 loquuntur
1491 2333 1646 2378 cum
1671 2315 1941 2396 angelis
1967 2313 2163 2387 caeli,
2190 2313 2289 2379 illi
2313 2316 2525 2380 etiam
2550 2315 2791 2380 vident

550 2431 632 2476 ea
676 2430 854 2494 quae
901 2413 966 2473 in
1015 2411 1212 2474 caelo
1257 2419 1442 2486 sunt,
1481 2411 1640 2494 quia
1683 2410 1925 2474 vident
1972 2429 2063 2474 ex
2109 2411 2260 2474 luce
2308 2409 2501 2486 caeli,
2543 2412 2611 2474 in
2658 2432 2793 2493 qua

548 2507 874 2571 interiora
903 2524 1138 2570 eorum
1163 2514 1323 2569 sunt
1352 2525 1369 2583 ;
1413 2508 1627 2568 etiam
1651 2506 1887 2588 angeli
1918 2527 2038 2588 per
2057 2505 2212 2568 illos
2236 2507 2476 2570 vident
2510 2526 2591 2569 ea
2615 2525 2789 2588 quae

547 2603 617 2666 in
656 2601 901 2666 tellure
939 2611 1102 2665 sunt
1130 2598 1223 2681 ;(“)
1269 2612 1377 2667 est
1415 2603 1596 2665 enim
1629 2603 1809 2683 apud
1848 2601 2004 2666 illos
2042 2600 2309 2666 caelum
2348 2599 2789 2683 conjunfitum

549 2696 825 2772 mundo,
866 2705 938 2759 et
985 2696 1278 2759 mundus
1337 2694 1739 2777 conjunetus
1799 2696 2037 2773 cae103
2107 2715 2267 2759 nam
2315 2706 2391 2761 ut
2436 2716 2643 2778 supra
2690 2694 2787 2779 (n.

547 2792 702 2875 246)
742 2790 998 2857 dietum
1043 2801 1174 2868 est,
1213 2812 1368 2856 cum
1415 2793 1646 2874 angeli
1692 2812 1768 2855 se
1814 2802 2233 2857 convertunt
2279 2793 2366 2855 ad
2412 2792 2785 2867 hominem,

546 2906 619 2950 se
651 2885 1076 2969 conjungunt
1109 2888 1172 2950 ei
1207 2888 1327 2963 ita,
1367 2898 1444 2952 ut
1483 2908 1622 2951 non
1660 2887 1863 2951 aliter
1894 2889 2117 2951 sciant
2156 2906 2359 2970 quam
2398 2887 2582 2970 quod
2614 2908 2789 2970 quae

545 2982 844 3047 hominis
889 2992 1070 3058 sunt,
1110 3002 1232 3045 sua
1277 2984 1437 3059 sint,
1481 3003 1618 3046 non
1663 2984 1877 3047 modo
1912 2984 2033 3046 illa
2076 3002 2251 3065 quae
2291 2981 2607 3065 loquelae
2644 2982 2787 3064 ejus

546 3089 726 3153 sunt,
767 3078 893 3141 sed
940 3080 1152 3141 etiam
1197 3077 1317 3141 illa
1369 3098 1544 3161 quae
1590 3080 1775 3143 visus
1820 3088 1893 3142 et
1938 3079 2208 3142 auditus
2255 3075 2505 3156 ‘¹¹sunt3
2576 3077 2787 3142 homo

548 3175 758 3236 etiam
815 3174 1116 3237 vicissim
1169 3194 1309 3238 non
1367 3175 1572 3237 aliter
1631 3176 1785 3249 scit,
1834 3171 2090 3257 ¹²¹quam
2146 3172 2389 3257 [quod]
2438 3194 2610 3257 quae
2668 3195 2788 3257 per

545 3268 834 3351 angelos
863 3268 1171 3345 influunt,
1199 3290 1320 3332 sua
1351 3271 1508 3333 sint.
1601 3270 1682 3332 In
1715 3270 1839 3333 tali
1870 3267 2350 3350 conjunctione
2382 3288 2536 3333 cum
2569 3290 2787 3351 ange-

547 3364 626 3427 lis
647 3364 823 3428 caeli
844 3364 1114 3429 fuerunt
1141 3367 1593 3449 antiquissimi
1619 3367 1684 3429 in
1712 3366 1841 3430 hac
1870 3367 2136 3441 tellure,
2160 3386 2445 3450 quorum
2470 3378 2787 3448 tempora

545 3460 702 3524 ideo
730 3470 984 3533 vocata
1029 3470 1188 3524 sunt
1237 3460 1598 3525 Saeculum
1646 3480 1964 3525 aureum:
2021 3461 2120 3525 illi
2157 3464 2313 3544 quia
2348 3472 2785 3543 agnoverunt

545 3554 867 3618 Divinum
927 3555 1054 3619 sub
1113 3554 1436 3619 Humana
1491 3557 1731 3632 forma,
1771 3557 1871 3621 ita
1918 3556 2311 3633 Dominum,
2354 3558 2568 3620 locuti
2620 3566 2783 3619 sunt

1350 3752 1995 3807 (namuelitarum)

650 3853 750 3922 (ss)
803 3850 984 3924 Quod
1021 3852 1188 3909 frons
1219 3855 1687 3925 correspondeat
1716 3856 1907 3909 amori
1938 3855 2200 3919 caelesti,
2229 3866 2291 3910 et
2322 3856 2461 3911 inde
2494 3856 2553 3911 in
2580 3856 2785 3913 Verbo

543 3923 842 3995 significet
869 3925 1034 3979 illurn
1060 3940 1326 3981 amorem
1357 3928 1437 3993 (n.
1463 3926 1648 3995 9936).

648 3993 830 4067 Quod
859 3994 1042 4051 facies
1065 3997 1536 4067 correspondeat
1562 3996 1947 4053 interioribus
1972 3994 2251 4060 hominis,
2276 4014 2430 4070 quae
2453 4008 2595 4053 sunt
2619 4014 2693 4053 co
2738 4000 2781 4043 '-

540 4064 792 4121 tationis
829 4076 892 4121 et
941 4066 1275 4122 affectionis
1317 4069 1396 4136 (n.
1453 4066 1602 4137 1568,
1643 4066 1801 4138 2988,
1840 4069 1997 4138 2989,
2038 4068 2193 4137 3631,
2229 4068 2388 4138 4796.
2426 4082 2585 4138 4797,
2623 4086 2660 4138 4
2768 4112 2781 4133 ,

546 4135 1272 4279 ⁵¹⁶§ijfdggetig’r3’13ffi‘
1285 4208 1362 4263 ad
1391 4209 1989 4281 correspondentiam
2028 4208 2380 4265 interiorum
2410 4210 2669 4268 formata
2703 4212 2783 4269 sit

544 4280 626 4347 (¹²·
650 4278 985 4363 4791·4‚305·
1018 4292 1045 4348 5
1123 4288 1196 4363 5),-
1341 4350 1354 4365 ,
1702 4351 1716 4364 ,
1809 4350 1823 4365 ,
2005 4351 2019 4367 ‚
2166 4350 2178 4367 ,

646 4346 824 4421 Quod
865 4349 1004 4405 inde
1029 4356 1062 4379 ‘⁶
1099 4350 1306 4406 acies”
1338 4366 1400 4405 in
1430 4350 1632 4407 Verbo
1666 4350 1967 4423 significet
2002 4362 2291 4407 mterlora
2328 4354 2409 4423 (n.
2440 4367 2593 4425 1999,
2625 4368 2781 4425 2434,

541 4430 694 4489 ³527·
720 4420 878 4487 40⁶⁶,
904 4420 1090 4489 479⁶)-

637 4518 739 4589 (tt)
796 4516 977 4591 Quod
1003 4520 1250 4591 spiritus
1275 4522 1425 4577 nihil
1452 4523 1689 4594 possint
1710 4523 1918 4579 videre
1942 4540 2049 4597 per
2077 4524 2386 4580 hominem
2410 4526 2575 4597 quod
2600 4536 2694 4582 est
2720 4527 2780 4581 in

539 4590 763 4649 mundo
788 4592 906 4647 hoc
925 4592 1121 4655 solari,
1135 4594 1240 4649 sed
1263 4594 1428 4663 quod
1455 4610 1564 4666 per
1581 4610 1753 4653 meos
1765 4596 1977 4651 oculos
1992 4595 2273 4661 viderint,
2292 4610 2475 4654 causa
2492 4598 2575 4669 (n.
2602 4596 2775 4665 1880).
