3371 5304
633 619 734 669 DE
761 618 1266 680 APPARENTIA,
1287 617 1460 671 SITU
1483 617 1580 668 ET
1603 617 2141 670 PLURALITATE
2164 615 2695 670 INFERNORUM.
2738 619 2855 687 379

618 799 778 856 runt
807 813 824 856 ε
865 791 936 854 in
966 789 1444 856 remotissimis
1475 791 1567 855 ibi
1595 799 1779 868 sunt,
1806 790 1919 874 qui
1950 811 2043 854 ex
2074 789 2437 873 Religioso
2466 789 2855 866 Catholico,

619 895 696 950 ut
741 894 1052 961 vocatur,
1087 885 1380 962 fuerunt,
1419 894 1491 950 et
1535 886 1903 950 voluerunt
1946 885 2041 950 ibi
2084 884 2220 949 coli
2276 894 2353 950 ut
2411 886 2525 962 dii,
2565 894 2640 950 et
2696 885 2859 949 inde

619 980 782 1045 odio
817 989 890 1046 et
927 979 1230 1046 vindicta
1263 979 1642 1062 flagrarunt
1681 989 1929 1045 contra
1958 999 2203 1044 omnes
2237 980 2349 1063 qui
2386 979 2658 1044 illorum
2699 989 2859 1063 pot-

619 1084 920 1140 estatem
955 1095 1162 1159 super
1187 1073 1454 1139 animas
1488 1075 1840 1139 hominum
1878 1083 1953 1140 et
1988 1093 2191 1158 super
2226 1074 2518 1150 caelum,
2558 1095 2695 1140 non
2734 1095 2857 1158 ag-

621 1177 982 1234 noverunt.
1073 1169 1184 1234 Illi
1243 1170 1446 1233 simili
1491 1171 1743 1246 animo,
1783 1169 1917 1234 hoc
1960 1179 2091 1245 est,
2132 1168 2338 1232 simili
2384 1170 2545 1232 odio
2588 1179 2663 1234 et
2706 1171 2858 1234 vin·

620 1262 804 1328 dieta
845 1275 1008 1328 sunt
1049 1273 1294 1328 contra
1337 1263 1494 1328 illos
1537 1265 1652 1347 qui
1696 1285 1773 1328 se
1819 1273 2203 1346 opponunt,
2250 1262 2427 1329 sicut
2472 1263 2743 1328 suerunt
2788 1267 2859 1328 in

623 1359 918 1424 mundo:
959 1357 1524 1440 jucundissimum
1555 1379 1789 1423 eorum
1821 1369 1929 1424 est
1962 1359 2270 1438 saevire;
2316 1358 2439 1422 sed
2477 1359 2607 1423 hoc
2646 1361 2859 1423 verti·

621 1463 734 1518 tur
767 1454 838 1518 in
873 1453 1093 1518 altera
1125 1455 1274 1518 vita
1303 1453 1375 1517 in
1411 1455 1635 1536 ipsos3
1698 1473 1857 1518 nam
1902 1454 1971 1518 in
2007 1454 2285 1520 infernis
2322 1472 2579 1529 eorum,
2618 1455 2859 1536 quibus

619 1547 834 1632 plaga
875 1549 1328 1613 occidentalis
1369 1548 1636 1631 repleta
1688 1560 1821 1624 est,
1858 1549 2019 1613 furit
2056 1568 2227 1612 unus
2280 1549 2349 1612 in
2407 1549 2701 1613 alterum
2746 1551 2861 1640 qui

621 1643 750 1708 sibi
787 1643 1132 1719 Divinam,
1171 1652 1602 1726 potestatem
1639 1644 1955 1725 derogat.
2049 1641 2217 1724 (Sed
2255 1644 2343 1708 de
2382 1643 2487 1707 his
2525 1645 2717 1727 plura
2754 1645 2859 1707 di·

623 1747 870 1804 centur
929 1739 1000 1802 in
1058 1737 1391 1820 opusculo
1445 1737 1552 1801 De
1601 1737 1853 1803 Ultimo
1904 1738 2177 1812 Judiczb
2230 1749 2297 1802 et
2353 1740 2434 1802 de
2488 1739 2861 1821 Babylonia

622 1833 1014 1916 destructa.)
1107 1832 1370 1896 Verum
1415 1833 1768 1916 quomodo
1819 1833 2083 1896 inferna
2142 1834 2209 1897 in
2255 1833 2378 1896 illa
2422 1833 2631 1916 plaga
2676 1835 2859 1898 ordi-

623 1937 792 1992 nata
827 1939 1010 2004 sunt,
1045 1947 1184 1992 non
1215 1928 1370 1992 sciri
1408 1937 1647 2009 potest
1676 1949 1695 2006 ;
1740 1927 1965 1992 solum
2000 1928 2183 2010 quod
2220 1930 2651 1994 atrocissima
2682 1930 2861 1994 illius

622 2023 896 2106 generis
953 2024 1094 2090 sint
1159 2023 1248 2086 ad
1315 2022 1535 2088 latera
1586 2043 1825 2087 versus
1885 2022 2161 2106 plagam
2220 2025 2859 2106 septentrionalem,

623 2119 846 2184 minus
868 2120 1132 2196 atrocia
1155 2137 1391 2184 versus
1415 2117 1695 2200 plagam
1719 2119 2237 2183 meridionalem
2264 2141 2281 2197 ;
2325 2120 2425 2184 ita
2446 2120 2861 2186 infernorum

622 2215 954 2279 atrocitas
980 2215 1318 2279 decrescit
1349 2233 1392 2276 a
1421 2211 1630 2296 plaga
1653 2213 2181 2296 septentrionali
2204 2215 2293 2278 ad
2319 2215 2857 2290 meridionalem,

623 2316 698 2373 ct
741 2327 1012 2390 quoque
1066 2329 1186 2391 per
1227 2309 1482 2390 gradus
1525 2327 1763 2372 versus
1806 2308 2171 2374 orientem:
2242 2309 2331 2374 ad
2386 2311 2725 2375 orientem
2771 2311 2862 2374 ibi

623 2413 784 2468 sunt
815 2405 930 2487 qui
966 2403 1249 2468 fastuosi
1286 2402 1577 2479 suerunt,
1609 2413 1684 2468 et
1720 2421 1861 2468 non
1892 2404 2330 2468 crediderunt
2360 2404 2703 2480 Divinum,
2740 2407 2861 2470 sed

625 2517 836 2580 usque
875 2502 1012 2564 no'n
1049 2497 1320 2564 fuerunt
1357 2499 1426 2562 in
1463 2498 1588 2562 tali
1625 2497 1791 2562 odio
1828 2508 1902 2564 et
1940 2495 2263 2574 vindicta,
2302 2518 2526 2582 neque
2562 2501 2631 2564 in
2668 2501 2857 2577 dolo,

625 2593 804 2659 sicut
841 2594 938 2658 illi
975 2595 1088 2677 qui
1133 2594 1226 2659 ibi
1260 2593 1654 2678 profundius
1696 2593 1771 2657 in
1814 2593 2023 2676 plaga
2056 2594 2470 2659 occidentali
2506 2605 2691 2661 sunt.
2780 2597 2863 2661 In

625 2689 834 2772 plaga
863 2690 1184 2755 orientali
1219 2689 1426 2755 hodie
1461 2688 1651 2753 nulla
1685 2698 1851 2753 sunt
1884 2688 2187 2768 inferna3
2226 2710 2407 2771 quae
2438 2691 2529 2755 ibi
2565 2690 2859 2768 fuerunt,

625 2784 968 2849 translata
1003 2794 1166 2849 sunt
1209 2786 1278 2849 in
1315 2782 1595 2866 plagam
1633 2782 2142 2849 occidentalem
2180 2786 2501 2849 anterius.
2590 2785 2865 2851 Inferna

625 2881 696 2945 in
734 2880 943 2962 plaga
978 2878 1508 2965 septentrionali
1545 2888 1619 2943 et
1654 2878 2083 2943 meridionali
2119 2888 2281 2943 sunt
2328 2880 2557 2962 plura:
2612 2880 2683 2945 in
2726 2882 2863 2947 illis

625 2984 808 3052 sunt,
841 2976 978 3059 qui,
1025 2976 1188 3039 dum
1223 2975 1572 3049 vixerunt,
1611 2974 1680 3038 in
1718 2992 1953 3039 amore
1990 2974 2224 3039 mundi
2262 2973 2555 3052 fuerunt,
2594 2986 2669 3041 et
2704 2978 2863 3044 inde

626 3071 696 3136 in
725 3072 895 3135 varii
917 3070 1191 3153 generis
1215 3068 1434 3143 malis,
1460 3088 1634 3151 quae
1657 3078 1823 3133 sunt
1852 3068 2228 3144 inimicitia,
2261 3069 2637 3148 hostilitas,
2663 3072 2863 3147 furta,

628 3166 1014 3240 latrocinia,
1063 3174 1275 3240 astus,
1313 3164 1626 3241 avaritia,
1671 3164 2279 3241 immisericordia3
2340 3166 2639 3246 pessima
2680 3167 2863 3232 illius

628 3262 902 3344 generis
947 3261 1213 3325 inferna
1266 3268 1428 3323 sunt
1486 3259 1554 3322 in
1609 3258 2140 3342 septentrionali
2196 3259 2425 3341 plaga,
2465 3262 2739 3326 mitiora
2794 3262 2864 3326 in

631 3354 1097 3433 meridionali;
1144 3354 1382 3417 diritas
1413 3372 1651 3417 eorum
1681 3353 1955 3428 erescit,
1984 3354 2161 3418 sicut
2194 3355 2674 3437 propinquiora
2702 3368 2863 3422 sunt

629 3452 717 3515 ad
764 3451 1041 3535 plagam
1079 3448 1607 3524 occidentalem,
1641 3456 1715 3511 et
1762 3467 2031 3530 quoque
2076 3450 2251 3512 sicut
2296 3452 2665 3515 remotiora
2700 3464 2864 3517 sunt

629 3568 672 3611 a
715 3547 923 3629 plaga
961 3543 1410 3618 meridionali,
1448 3562 1530 3607 ac
1577 3544 1918 3607 decrescit
1964 3564 2205 3607 versus
2242 3543 2521 3626 plagam
2560 3546 2860 3612 orienta-

630 3642 790 3717 lem,
829 3652 902 3707 et
947 3659 1218 3724 quoque
1263 3658 1498 3703 versus
1537 3636 2078 3703 meridionalem.
2168 3637 2334 3703 Post
2371 3639 2651 3715 inferna,
2692 3662 2863 3723 quae

629 3747 790 3801 sunt
847 3738 916 3801 in
963 3735 1172 3819 plaga
1215 3733 1652 3809 occidentali,
1694 3742 1854 3797 sunt
1909 3732 2125 3797 silvae
2167 3752 2450 3815 opacae,
2499 3735 2565 3798 in
2624 3737 2864 3817 quibus

631 3832 913 3915 maligni
945 3830 1222 3914 spiritus
1246 3830 1424 3893 sicut
1447 3827 1628 3892 ferae
1653 3837 1997 3910 vagantur
2025 3849 2040 3905 ;
2088 3828 2404 3891 similiter
2420 3839 2579 3911 post
2606 3829 2865 3895 inferna

628 3930 696 3991 in
736 3925 942 4009 plaga
977 3922 1518 4007 septentrionali.
1607 3921 1773 3985 Post
1811 3922 2071 3985 inferna
2104 3930 2335 3986 autem
2368 3923 2435 3985 in
2474 3922 2681 4005 plaga
2719 3943 2862 3990 me·

628 4020 944 4087 ridionali
989 4027 1150 4083 sunt
1197 4018 1492 4091 deserta,
1533 4016 1620 4079 de
1677 4017 1922 4099 quibus
1980 4036 2147 4081 mox
2208 4036 2413 4099 supra
2468 4015 2695 4086 aetum
2730 4031 2862 4085 est.

633 4116 831 4182 Haec
867 4116 955 4179 de
991 4116 1128 4179 situ
1172 4112 1612 4177 infernorum.

755 4208 958 4297 588.
1015 4209 1221 4291 Quod
1259 4207 1728 4291 pluralitatem
1764 4206 2177 4270 infernorum
2207 4206 2508 4271 attinet:
2564 4218 2723 4273 sunt
2760 4209 2865 4273 in-

631 4307 820 4372 ferna
855 4314 966 4369 tot
1005 4324 1289 4370 numero
1325 4313 1494 4385 quot
1525 4313 1687 4366 sunt
1718 4302 2095 4367 societates
2126 4301 2486 4383 angelicae
2523 4302 2593 4365 in
2629 4304 2861 4382 caelis,

631 4404 954 4488 quoniam
993 4401 1202 4465 cuivis
1255 4400 1576 4465 societati
1613 4398 1897 4463 caelesti
1956 4417 2048 4462 ex
2094 4398 2421 4479 opposito
2456 4418 2863 4481 correspon-

633 4501 756 4565 det
813 4497 1112 4563 societas
1149 4492 1514 4565 infernalis.
1605 4491 1812 4574 Quod
1869 4492 2243 4557 societates
2280 4491 2621 4557 caelestes
2666 4495 2861 4558 innu—

635 4612 864 4659 merae
895 4592 1058 4667 sint,
1085 4600 1156 4656 et
1190 4609 1432 4655 omnes
1450 4588 1962 4655 discriminatae
1984 4588 2360 4651 secundum
2386 4587 2568 4651 bona
2592 4590 2863 4661 amoris,
