3371 5304
966 628 1068 678 m:
1113 626 1526 679 εΑΡΙΕΝ-ΠΑ
1573 627 2057 682 ANGELORUM
2102 629 2355 681 cAEm.
2705 633 2817 700 155

573 799 786 866 homo
820 819 861 864 e
897 819 1081 864 novo
1117 799 1522 883 concipitur,
1557 799 1626 864 in
1663 809 1863 864 utero
1894 801 2087 886 quasi
2117 811 2455 884 gestatur,
2492 803 2820 876 nascitur,

573 895 938 970 adolescit,
977 902 1050 960 et
1109 897 1494 960 successive
1539 894 1928 980 perficitur3
1995 896 2175 960 dixit
2234 899 2417 980 quod
2478 899 2821 980 potuisset

575 1009 933 1057 numerum
979 1011 1382 1056 arcanorum
1429 1013 1645 1075 usque
1690 993 1779 1056 ad
1824 992 2091 1076 aliquot
2136 993 2353 1058 millia
2398 1013 2689 1076 augere;
2752 1005 2825 1059 et

573 1087 757 1170 quod
805 1087 924 1151 illa
969 1107 1143 1170 quae
1181 1085 1366 1152 dicta
1412 1098 1573 1152 sunt
1611 1087 1835 1152 solum
1881 1098 2119 1152 essent
2165 1089 2251 1152 de
2296 1091 2823 1172 regeneratione

575 1183 848 1245 externi
893 1181 1213 1257 hominiS,
1260 1192 1335 1246 et
1392 1184 1576 1266 quod
1631 1183 2153 1247 innumerabilia
2207 1183 2401 1266 plura
2457 1184 2681 1248 forent
2738 1187 2823 1250 de

575 1277 1104 1358 regeneratione
1141 1277 1414 1342 interni.
1505 1277 1620 1342 Ex
1667 1277 1773 1341 his
1825 1287 1895 1342 et
1938 1278 2272 1342 similibus
2318 1279 2469 1360 aliis
2515 1301 2689 1363 quae
2736 1282 2823 1344 ab

573 1372 840 1453 angelis
871 1372 1106 1437 audita
1151 1382 1336 1448 sunt,
1376 1374 1606 1456 patuit
1655 1372 1823 1436 mihi
1869 1383 2127 1457 quanta
2172 1372 2306 1436 illis
2352 1375 2716 1457 sapientia,
2753 1387 2825 1440 et

575 1465 955 1549 respective
991 1476 1257 1552 quanta
1301 1469 1699 1550 ignorantia
1751 1468 2013 1533 homini
2066 1466 2235 1552 ¹¹³qui
2292 1470 2413 1532 vix
2472 1472 2604 1534 scit
2662 1471 2823 1554 quid

573 1563 1032 1644 regeneratio,
1075 1572 1147 1627 et
1188 1583 1326 1628 non
1365 1565 1501 1628 scit
1537 1563 1819 1647 aliquod
1856 1574 2283 1628 momentum
2321 1567 2825 1648 progressionis

573 1677 729 1722 cum
767 1668 1236 1741 regeneratur.

699 1766 894 1835 27⁹·
955 1753 1062 1818 De
1115 1755 1457 1837 sapientia
1504 1753 1908 1836 angelorum
1957 1756 2145 1818 tertii
2191 1775 2310 1818 seu
2356 1756 2581 1819 intimi
2627 1757 2821 1832 caeli,

465 1893 472 1902 -
574 1857 646 1913 et
693 1857 1028 1931 quantum
1075 1849 1198 1912 illa
1243 1850 1524 1914 excedit
1565 1851 1979 1932 sapientiam
2019 1849 2422 1932 angelorum
2462 1853 2659 1932 primi
2706 1873 2824 1915 seu

575 1943 800 2008 ultimi
863 1944 1064 2020 caeli,
1127 1965 1306 2008 nunc
1376 1946 1662 2010 dicetur.
1753 1943 2111 2028 Sapientia
2170 1945 2574 2027 angelorum
2636 1948 2825 2012 tertii

574 2059 696 2104 seu
739 2040 966 2104 intimi
1013 2039 1188 2104 caeli
1233 2050 1342 2104 est
1390 2040 2128 2123 incomprehensibiliS,
2168 2041 2381 2104 etiam
2422 2041 2554 2105 illis
2600 2044 2710 2125 qui
2757 2043 2823 2106 in

573 2135 821 2200 ultimo
866 2135 1066 2199 caelo
1111 2146 1293 2201 sunt.
1385 2135 1612 2200 Causa
1657 2145 1791 2211 est,
1841 2136 1999 2218 quia
2047 2136 2375 2199 interiora
2420 2136 2823 2218 angelorum

572 2231 760 2294 tertii
793 2230 967 2295 caeli
999 2231 1084 2296 ad
1120 2231 1400 2295 tertium
1435 2231 1727 2312 gradum
1760 2239 1999 2314 aperta
2030 2241 2213 2305 sunt,
2238 2231 2561 2295 interiora
2592 2243 2825 2296 autem

573 2324 982 2407 angelorum
1009 2326 1206 2409 primi
1237 2324 1412 2390 caeli
1437 2325 1647 2390 modo
1678 2325 1767 2387 ad
1804 2326 2093 2406 primum
2120 2324 2407 2406 gradum
2434 2347 2450 2403 ;
2498 2333 2569 2389 et
2601 2328 2825 2390 omnis

573 2420 916 2502 sapientia
959 2422 1206 2484 crescit
1252 2441 1490 2485 versus
1534 2420 1887 2495 interiora,
1935 2427 2007 2483 et
2055 2418 2400 2503 perficitur
2446 2422 2824 2486 secundum

571 2515 1026 2598 aperitionem
1049 2535 1282 2578 eorum
1312 2513 1408 2597 (n.
1433 2517 1580 2589 208,
1608 2513 1788 2597 267).
1877 2512 2056 2597 Quia
2073 2515 2401 2578 interiora
2420 2515 2823 2597 angelorum

572 2611 762 2677 tertii
801 2631 920 2675 seu
956 2611 1179 2675 intimi
1213 2610 1386 2675 caeli
1422 2610 1509 2674 ad
1549 2610 1832 2675 tertium
1865 2609 2155 2693 gradum
2180 2619 2424 2693 aperta
2455 2619 2634 2687 sunt,
2668 2611 2826 2675 ideo

571 2716 732 2771 sunt
771 2706 903 2770 illis
934 2726 1098 2769 vera
1130 2706 1382 2771 Divina
1419 2707 1614 2789 quasi
1650 2706 2031 2788 inscripta;
2077 2722 2237 2768 nam
2270 2706 2597 2769 interiora
2636 2708 2822 2770 tertii

572 2803 850 2885 gradus,
879 2821 1040 2885 prae
1070 2801 1512 2867 interioribus
1542 2799 1827 2865 secundi
1864 2811 1937 2865 et
1974 2800 2171 2883 primi
2203 2801 2479 2881 gradus,
2507 2803 2575 2865 in
2606 2800 2824 2866 forma

570 2898 746 2962 caeli
779 2906 958 2971 sunt,
999 2905 1073 2960 et
1118 2896 1338 2961 forma
1373 2895 1548 2960 caeli
1595 2905 1705 2959 est
1752 2916 1843 2959 ex
1892 2894 2145 2959 Divino
2181 2895 2395 2969 Vero,
2434 2896 2531 2960 ita
2578 2915 2821 2959 secun·

572 2992 734 3057 dum
758 2992 1080 3057 Divinam
1103 2991 1528 3075 Sapientiam
1551 3013 1568 3069 ;
1608 2992 1770 3055 inde
1795 2999 1927 3066 est,
1955 2990 2139 3073 quod
2166 2989 2301 3053 illis
2322 2991 2589 3073 angelis
2612 3010 2821 3073 appa-

572 3098 766 3153 reant
792 3087 1042 3153 Divina
1066 3087 1253 3152 Vera
1278 3088 1453 3151 sicut
1481 3088 1831 3167 inscripta,
1859 3094 1975 3149 aut
1998 3087 2175 3149 sicut
2200 3086 2407 3149 insita
2438 3097 2509 3150 et
2542 3088 2819 3150 innata:

572 3191 989 3266 quapropter
1019 3182 1138 3259 illi,
1167 3190 1240 3245 ut
1271 3183 1559 3265 primum
1586 3182 1871 3245 audiunt
1899 3182 2197 3263 genuina
2220 3200 2384 3244 vera
2409 3180 2680 3256 Divina,
2708 3180 2827 3245 illa

574 3280 812 3343 statim
844 3288 1235 3361 agnoscunt
1269 3287 1341 3341 et
1373 3278 1783 3361 percipiunt,
1820 3286 1891 3340 et
1931 3285 2178 3357 postea
2209 3276 2401 3359 quasi
2434 3277 2675 3340 vident
2706 3274 2825 3341 illa

573 3374 755 3438 intus
787 3376 854 3437 in
887 3394 982 3438 se.
1073 3372 1253 3455 Quia
1277 3372 1452 3437 tales
1471 3382 1632 3436 sunt
1663 3370 1897 3453 angeli
1922 3370 2099 3435 illius
2123 3371 2319 3445 caeli,
2348 3371 2504 3435 ideo
2528 3372 2615 3435 de
2646 3374 2824 3435 veris

575 3466 836 3532 Divinis
875 3488 1212 3550 nusquam
1242 3469 1767 3548 ratiocinantur,
1803 3468 2025 3531 minus
2064 3466 2151 3529 de
2189 3466 2419 3549 aliquo
2455 3487 2619 3531 vero
2657 3488 2821 3531 con-

573 3572 965 3628 trovertunt
999 3583 1160 3628 num
1190 3566 1290 3627 ita
1325 3564 1416 3628 sit
1453 3562 1564 3628 vel
1598 3581 1739 3628 non
1772 3563 1893 3635 ita,
1930 3581 2055 3626 nec
2090 3561 2315 3626 sciunt
2348 3562 2509 3644 quid
2548 3564 2636 3626 sit
2673 3582 2822 3627 cre-

573 3658 734 3722 dere
793 3670 910 3723 aut
951 3658 1158 3723 fidem
1183 3659 1480 3737 habere-3
1543 3658 1785 3721 dicunt
1839 3658 2043 3730 enim,
2096 3654 2336 3737 “Quid
2384 3656 2597 3719 fides?
2664 3676 2821 3721 nam

576 3753 878 3836 percipio
916 3764 987 3818 et
1023 3756 1228 3818 video
1258 3754 1441 3837 quod
1480 3754 1580 3817 ita
1610 3751 1759 3815 sit.”
1832 3751 2193 3816 Illustrant
2231 3751 2363 3815 hoc
2398 3772 2519 3833 per
2543 3772 2819 3834 compa-

575 3850 795 3912 rativa
817 3869 833 3927 ;
885 3869 1131 3932 nempe
1169 3849 1350 3932 quod
1387 3849 1456 3912 id
1493 3849 1670 3912 foret
1709 3847 1887 3909 sicut
1920 3866 2124 3928 quum
2158 3846 2403 3929 aliquis
2441 3867 2595 3910 cum
2634 3848 2824 3910 socio

577 3944 768 4009 videt
828 3945 1135 4020 domum,
1181 3952 1252 4008 et
1312 3946 1499 4008 varia
1553 3944 1619 4007 in
1681 3942 1801 4006 illa
1859 3950 1931 4005 et
1990 3942 2243 4005 circum
2303 3940 2513 4016 illam,
2562 3943 2824 4005 diceret

577 4041 765 4104 socio
803 4041 983 4123 quod
1023 4048 1348 4122 oporteat
1388 4040 1666 4103 credere
1704 4035 1887 4120 quod
1926 4038 2087 4111 sint,
2128 4046 2201 4100 et
2246 4038 2427 4119 quod
2470 4036 2637 4100 talia
2684 4038 2822 4102 sint

579 4136 752 4200 sicut
790 4136 1005 4215 vidit;
1053 4147 1169 4200 aut
1205 4138 1383 4200 sicut
1421 4136 1570 4217 quis
1607 4134 1800 4197 videt
1838 4132 2140 4205 hortum,
2181 4142 2252 4196 et
2298 4132 2389 4197 ibi
2428 4132 2705 4197 arbores
2751 4143 2822 4198 et

579 4229 852 4307 frustus,
893 4242 966 4296 et
1011 4231 1276 4295 diceret
1321 4232 1534 4303 socio,
1574 4228 1763 4312 quod
1808 4226 2013 4292 fidem
2058 4227 2313 4291 habere
2350 4228 2603 4291 debeat
2641 4228 2823 4309 quod

579 4329 668 4391 sit
704 4328 970 4401 hortus,
1005 4337 1078 4392 et
1111 4326 1292 4409 quod
1330 4326 1468 4389 sint
1505 4324 1783 4389 arbores
1820 4332 1892 4387 et
1930 4320 2205 4395 fructus,
2240 4342 2395 4386 cum
2432 4334 2666 4385 tamen
2706 4322 2825 4386 illa

579 4422 796 4487 oculis
855 4422 994 4486 suis
1039 4420 1223 4487 clare
1269 4422 1496 4485 videt:
1561 4419 1817 4483 exinde
1863 4427 1973 4483 est
2013 4417 2194 4499 quod
2244 4418 2473 4499 angeli
2518 4416 2615 4479 illi
2664 4436 2821 4479 nus-

579 4538 784 4603 quam
831 4517 1190 4581 nominent
1235 4514 1464 4590 fidem,
1505 4535 1632 4579 nec
1679 4513 1977 4597 aliquam
2014 4512 2161 4593 ejus
2207 4512 2431 4577 ideam
2478 4510 2821 4587 habeant;

581 4622 1000 4696 quapropter
1035 4631 1160 4675 nec
1196 4610 1695 4675 ratiocinantur
1730 4608 1817 4673 de
1852 4608 2033 4673 veris
2072 4606 2359 4682 Divinis,
2395 4606 2617 4669 minus
2654 4624 2821 4669 con·
