3371 5304
523 623 626 690 86·
1177 635 1281 689 uz
1326 633 1579 689 canto
1617 633 1717 684 ΕΤ
1764 633 2131 690 mmmm.
2180 653 2185 671 ·

519 809 756 874 omnia
783 809 970 874 enim
995 828 1172 892 quae
1209 808 1280 872 in
1315 805 1680 874 voluntate
1713 816 1893 883 sunt,
1929 825 2003 872 se
2034 806 2331 872 referunt
2364 805 2452 872 ad
2488 805 2767 884 bonum,

519 914 600 970 et
625 904 859 968 omnia
879 923 1056 987 quae
1085 903 1154 968 in
1181 900 1539 968 intellectu
1567 923 1642 966 se
1673 902 1971 966 referunt
2003 901 2091 966 ad
2123 919 2357 966 verum
2382 898 2476 980 ;(“)
2514 924 2607 967 ex
2636 902 2771 968 illis

518 999 754 1081 itaque
779 999 928 1081 agit
957 997 1166 1064 homo
1191 1007 1416 1064 totum
1441 1017 1711 1079 corpus,
1736 1017 1819 1062 ac
1852 995 2039 1062 milia
2062 996 2153 1060 ibi
2182 995 2387 1061 simul
2410 997 2498 1062 ad
2530 1008 2771 1064 nutum

523 1103 602 1158 et
646 1093 936 1158 lubitum
973 1113 1208 1159 eorum
1245 1102 1498 1176 sponte
1541 1102 1791 1170 ruunt3
1846 1092 2008 1156 inde
2054 1101 2272 1174 patet,
2312 1092 2497 1176 quod
2544 1102 2773 1158 totum

525 1208 774 1272 corpus
797 1187 1164 1253 formatum
1191 1189 1280 1252 sit
1313 1188 1400 1251 ad
1433 1186 1763 1270 obsequia
1789 1186 1951 1251 boni
1976 1196 2049 1250 et
2079 1187 2243 1263 veri,
2271 1198 2774 1271 consequenter

525 1305 620 1350 ex
657 1283 842 1348 bono
879 1294 952 1348 et
997 1305 1180 1348 vero,
1267 1283 1412 1348 Per
1436 1283 1808 1364 potentiam
1842 1282 2089 1346 caloris
2130 1293 2197 1348 et
2238 1283 2405 1348 lucis
2446 1305 2485 1348 e
2522 1283 2662 1348 sole
2700 1283 2773 1348 in

522 1376 1126 1444 munda-Omnia
1182 1398 1358 1461 quae
1417 1379 1484 1442 in
1543 1377 1803 1442 mundo
1848 1386 2187 1452 crescunt,
2232 1379 2411 1443 sicut
2468 1379 2769 1454 arbores.

523 1486 827 1558 segetes,
873 1474 1098 1550 flores,
1147 1474 1481 1556 gramina,
1527 1471 1783 1536 fruftus
1836 1483 1907 1538 et
1967 1475 2251 1549 semina,
2300 1493 2439 1538 non
2496 1473 2773 1539 aliunde

527 1570 862 1646 existunt,
909 1589 1114 1651 quam
1168 1589 1288 1652 per
1331 1567 1635 1632 calorem
1683 1578 1756 1634 et
1804 1567 2029 1634 lucem
2074 1569 2285 1646 solis;
2350 1569 2509 1636 inde
2554 1569 2773 1652 qualis

532 1666 848 1746 potentia
895 1664 1317 1748 producendi
1363 1664 1542 1727 inest
1588 1663 1744 1738 illis,
1794 1673 2029 1744 patet:
2090 1664 2253 1746 quid
2300 1684 2439 1728 non
2484 1663 2775 1728 Divinae

524 1757 698 1822 Luci
743 1779 918 1842 quae
971 1769 1080 1826 est
1127 1759 1450 1824 Divinum
1488 1756 1773 1832 Verum,
1812 1767 1885 1823 et
1934 1757 2185 1822 Divino
2220 1757 2452 1822 Calori
2494 1759 2609 1842 qui
2664 1769 2775 1824 est

529 1853 851 1920 Divinum
901 1855 1217 1920 Bonum?
1284 1873 1376 1918 ex
1435 1854 1678 1935 quibus
1732 1854 1890 1934 quia
1941 1852 2206 1918 caelum
2252 1853 2515 1928 existit,
2563 1855 2773 1918 etiam

530 1950 822 2014 mundus
879 1951 1164 2028 existit3
1230 1968 1390 2013 nam
1449 1969 1569 2031 per
1619 1947 1887 2012 caelum
1934 1949 2177 2013 existit
2222 1950 2532 2024 mundus,
2572 1960 2649 2014 ut
2704 1951 2775 2014 in

528 2045 1096 2126 praecedentibus
1149 2055 1506 2109 ostensum
1569 2054 1698 2108 est.
1792 2043 1905 2110 Ex
1969 2043 2074 2108 his
2135 2054 2451 2110 constare
2512 2055 2769 2128 potest,

529 2139 880 2224 quomodo
903 2138 1430 2221 intelligendum
1461 2148 1592 2213 est,
1621 2139 1806 2220 quod
1840 2159 1960 2221 per
1994 2137 2305 2204 Verbum
2335 2141 2567 2205 omnia
2594 2137 2775 2206 fasta

526 2238 688 2312 sint,
723 2245 795 2301 et
833 2235 1015 2319 quod
1049 2235 1308 2316 absque
1343 2233 1468 2298 illo
1503 2232 1755 2298 factum
1796 2235 1885 2298 sit
1924 2233 2089 2298 nihil
2122 2234 2304 2316 quod
2340 2233 2593 2299 fastum
2624 2245 2773 2314 est3

527 2343 601 2398 et
639 2329 824 2413 quod
863 2329 1073 2394 etiam
1113 2328 1404 2392 mundus
1443 2349 1565 2410 per
1603 2327 1837 2411 Ipsum
1874 2325 2093 2394 sactus
2128 2329 2259 2406 sit;
2306 2331 2489 2412 quod
2528 2350 2775 2412 nempe

527 2447 649 2509 per
681 2425 1002 2490 Divinum
1037 2422 1294 2488 Verum
1327 2443 1370 2488 a
1400 2420 1829 2488 Domino.(⁸“)
1918 2423 2090 2488 Inde
2120 2445 2393 2507 quoque
2424 2435 2555 2501 est,
2589 2425 2775 2508 quod

528 2524 598 2586 in
637 2521 850 2585 Libro
883 2519 1268 2584 Creationis
1300 2519 1589 2600 primum
1617 2518 1885 2584 dicatur
1914 2520 2000 2582 de
2034 2518 2244 2594 Luce,
2278 2529 2350 2585 et
2386 2521 2455 2584 in
2484 2541 2774 2603 sequen·

526 2615 710 2682 tibus
742 2616 826 2681 de
857 2615 990 2681 illis
1015 2635 1186 2699 quae
1224 2634 1266 2680 a
1302 2613 1489 2680 Luce
1525 2611 1791 2697 (Genes.
1824 2614 1863 2679 i.
1906 2631 1981 2695 3,·
2002 2612 2097 2697 4).
2189 2613 2286 2680 Et
2316 2634 2586 2699 quoque
2616 2616 2775 2682 inde

528 2721 658 2788 est,
706 2713 888 2797 quod
935 2713 1164 2777 omnia
1217 2712 1286 2777 in
1347 2711 1664 2775 universo
1711 2720 1857 2775 tam
1904 2710 2101 2775 caelo
2144 2730 2351 2794 quam
2396 2713 2655 2777 mundo
2698 2733 2773 2779 se

528 2806 826 2872 referant
851 2807 938 2871 ad
971 2806 1238 2871 Bonum
1263 2816 1334 2872 et
1367 2804 1650 2881 Verum,
1677 2816 1751 2871 et
1783 2806 1873 2869 ad
1898 2804 2451 2887 conjunstionem
2478 2806 2773 2882 illorum,

532 2912 607 2968 ut
643 2903 782 2967 sint
819 2898 1144 2983 aliquidss
1161 2900 1294 2951 ΕΜ·
1313 2898 1400 2951 ⁶⁵1)

657 2994 910 3078 ¹¹¹139.
956 2994 1319 3060 Sciendum
1346 3004 1475 3071 est,
1499 2997 1684 3078 quod
1722 2996 2047 3061 Divinum
2072 2997 2329 3062 bonum
2354 3006 2425 3063 et
2450 2997 2774 3063 Divinum

532 3110 790 3165 verum,
829 3110 1004 3173 quae
1041 3112 1082 3154 a
1127 3090 1428 3155 Domino
1464 3102 1540 3157 ut
1579 3089 1744 3157 Sole
1778 3093 1849 3157 in
1887 3092 2098 3157 caelis
2134 3104 2317 3168 sunt,
2359 3113 2495 3157 non
2532 3093 2671 3159 sint
2706 3094 2775 3157 in

534 3186 854 3261 Domin0‚
904 3184 1026 3249 sed
1083 3206 1126 3249 a
1183 3185 1524 3251 Domino:
1595 3188 1662 3252 in
1711 3187 2013 3251 Domino
2056 3198 2165 3251 est
2218 3186 2442 3251 solum
2488 3188 2779 3252 Divinus

533 3280 778 3356 Amor,
818 3281 932 3363 qui
976 3290 1084 3343 est
1129 3280 1303 3344 Esse
1363 3302 1454 3345 ex
1512 3302 1650 3364 quo
1696 3282 2031 3346 Existunt
2076 3282 2240 3359 illa;
2302 3282 2627 3347 Existere
2684 3304 2777 3347 ex

535 3376 710 3441 Esse
769 3374 1180 3457 intelligitur
1237 3394 1357 3457 per
1417 3375 1817 3440 Procedere.
1906 3376 2063 3441 Hoc
2123 3397 2393 3461 quoque
2452 3376 2777 3442 illustrari

535 3479 770 3553 potest
809 3490 930 3552 per
965 3471 1556 3551 comparationem
1595 3490 1749 3535 cum
1786 3470 1932 3535 sole
1972 3472 2247 3537 mundi:
2296 3471 2485 3537 calor
2520 3482 2593 3537 et
2630 3472 2775 3545 lux.

534 3586 709 3651 quae
754 3566 822 3630 in
861 3564 1140 3641 mundo,
1181 3586 1320 3630 non
1357 3574 1520 3629 sunt
1566 3566 1632 3629 in
1679 3564 1829 3629 sole
1866 3567 1989 3630 sed
2034 3588 2075 3630 a
2121 3567 2305 3631 sole:
2370 3568 2439 3632 in
2476 3567 2623 3632 sole
2666 3577 2778 3633 est

535 3661 756 3727 solum
791 3661 992 3744 igniS,
1032 3669 1104 3725 et
1140 3681 1234 3725 ex
1271 3681 1356 3725 eo
1393 3662 1707 3725 existunt
1742 3670 1813 3725 et
1853 3663 2235 3743 procedunt
2274 3660 2413 3726 illa.

1334 3894 1414 3949 (ax
1437 3904 1632 3938 amn
1655 3896 1986 3951 emus.)

644 3996 741 4066 (tt)
783 3994 966 4071 Quod
994 3994 1336 4051 intellectus
1349 3996 1432 4053 sit
1457 3996 1751 4069 recipiens
1776 3998 1918 4061 veri.
1932 4008 1997 4054 et
2020 3998 2305 4055 voluntas
2322 3996 2615 4071 recipiens
2638 3998 2782 4054 boni

543 4070 622 4133 (n-
650 4066 989 4152 3623·6,125·
1018 4080 1359 4151 750329300·
1386 4068 1571 4153 9930).
2692 4138 2704 4153 ,

653 4138 836 4211 Quod
863 4138 1002 4193 ideo
1025 4154 1231 4195 omnia
1253 4154 1408 4209 quae
1435 4156 1495 4194 ιιι
1525 4136 1828 4196 intellectu
1846 4150 1989 4197 sunt
2010 4156 2077 4197 se
2102 4138 2361 4197 referant
2376 4138 2455 4195 ad
2480 4156 2638 4203 vera,
2656 4156 2785 4197 sive

539 4208 662 4263 sint
681 4224 839 4271 vera.
861 4208 988 4264 sive
1013 4208 1196 4265 homo
1215 4210 1421 4265 credat
1444 4227 1574 4265 esse
1600 4227 1769 4273 νει-ας
1804 4220 1868 4265 et
1891 4210 2055 4282 quod
2082 4212 2287 4267 omnia
2304 4227 2458 4283 quae
2484 4211 2547 4267 in
2570 4212 2785 4267 volun-

541 4288 668 4337 tate
691 4296 758 4335 se
779 4279 1040 4336 referant
1063 4281 1138 4335 ad
1165 4281 1326 4335 bona
1347 4280 1628 4337 similiter
1655 4282 1737 4351 (ιι.
1764 4280 1886 4351 803.
1918 4284 2133 4351 10122).

648 4388 778 4459 (uu)
879 4390 999 4445 uod
1043 4388 1332 4445 Divinum
1372 4391 1598 4448 Verum
1640 4394 1977 4463 procedens
2028 4408 2067 4448 a
2112 4390 2377 4447 Domino
2418 4392 2499 4449 sit
2538 4391 2783 4447 unicum

545 4460 702 4515 reale
727 4460 810 4529 (n.
873 4462 994 4524 880,
1015 4473 1172 4528 7004,
1199 4461 1386 4531 8200).

645 4528 826 4602 Quod
855 4548 964 4603 per
989 4530 1276 4587 Divinum
1314 4533 1540 4589 Verum
1566 4534 1775 4590 omnia
1812 4530 1971 4589 faCta
2012 4544 2075 4589 et
2116 4544 2317 4589 creata
2354 4534 2476 4591 sint
2518 4534 2603 4603 (n.
2630 4532 2787 4603 2803.

547 4600 701 4668 2884.
727 4614 878 4671 5272.
899 4602 1091 4673 7835[?
1115 4602 1273 4671 7678.
1293 4604 1502 4675 7796])·
