3371 5304
595 598 676 662 50
1247 593 1350 644 DE
1393 593 1650 645 CAELO
1698 593 1795 646 ET
1841 589 2211 646 musano,
2746 566 2765 612 ²

589 766 1046 850 superioribus
1087 775 1270 842 sunt,
1311 785 1448 830 non
1487 776 1778 850 possunt
1815 766 2016 831 aliter
2060 767 2148 831 de
2194 765 2451 832 Divino
2486 767 2840 852 cogitare:

588 862 898 926 feruntur
941 862 1010 925 in
1055 860 1245 925 illam
1295 863 1653 944 cogitandi
1700 865 2195 928 necessitatem
2242 883 2335 927 ex
2390 865 2543 948 ipso
2588 865 2841 929 Divino

589 957 769 1040 quod
819 956 1061 1032 influit,
1104 967 1176 1022 et
1222 979 1492 1041 quoque
1553 978 1644 1022 ex
1713 958 1934 1022 forma
1970 957 2168 1033 caeli,
2210 960 2586 1024 secundum
2634 977 2840 1044 quam

587 1053 1055 1135 cogitationes
1117 1052 1390 1116 illorum
1449 1074 1524 1118 se
1579 1055 1831 1118 circum
1893 1056 2331 1134 extendunt3
2380 1057 2603 1119 omnis
2656 1057 2838 1121 enim

587 1148 946 1231 cogitati0,
974 1168 1149 1231 quae
1187 1157 1296 1212 est
1328 1147 1620 1230 angelis,
1655 1150 2145 1212 extensionem
2178 1149 2390 1215 habet
2438 1151 2505 1213 in
2544 1151 2835 1226 caelum,

587 1254 661 1309 et
699 1245 1075 1309 secundum
1115 1244 1307 1308 illam
1345 1246 1837 1309 extensionem
1897 1255 2004 1310 est
2065 1245 2201 1310 illis
2238 1244 2709 1328 intelligentia
2764 1257 2838 1311 et

587 1341 968 1423 sapientia:
1040 1340 1198 1404 inde
1259 1350 1393 1416 est,
1442 1341 1625 1423 quod
1677 1359 1921 1404 omnes
1987 1341 2080 1404 ibi
2142 1352 2533 1424 agnoscant
2592 1342 2835 1407 Domi-

587 1454 770 1512 num,
819 1435 978 1518 quia
1025 1435 1349 1498 Divinum
1398 1435 1795 1499 Humanum
1843 1456 1983 1499 non
2030 1436 2235 1500 datur
2278 1457 2483 1520 quam
2530 1437 2599 1502 in
2650 1437 2834 1520 Ipso.

588 1531 784 1596 Haec
823 1530 988 1596 mihi
1037 1551 1173 1595 non
1221 1530 1445 1595 solum
1499 1531 1588 1594 ab
1645 1532 1917 1614 angelis
1976 1530 2159 1596 dicta
2214 1543 2396 1609 sunt,
2445 1533 2569 1598 sed
2622 1534 2833 1596 etiam

583 1628 821 1692 datum
854 1637 963 1692 est
997 1627 1370 1710 percipere,
1398 1627 1560 1691 dum
1594 1627 1906 1692 elevatus
1940 1629 2008 1690 in
2042 1629 2406 1711 sphaeram
2439 1629 2834 1694 interiorem

584 1721 778 1787 caeli.
872 1722 1044 1786 Inde
1084 1732 1308 1804 patet,
1349 1722 1530 1805 quod
1578 1743 1714 1805 quo
1761 1723 2215 1806 sapientiores
2256 1724 2485 1807 angeli
2526 1732 2709 1799 sunt,
2750 1745 2835 1788 eo

583 1818 830 1882 clarius
877 1818 1258 1900 percipiant
1305 1817 1481 1896 h0c;
1549 1827 1623 1882 et
1684 1818 1845 1882 inde
1900 1829 2030 1894 est,
2078 1821 2263 1902 quod
2311 1819 2650 1885 Dominus
2695 1819 2833 1883 illis

580 1923 950 1996 appareat3
1001 1914 1338 1976 Dominus
1376 1913 1558 1976 enim
1598 1924 1885 1996 apparet
1931 1914 2000 1978 in
2038 1913 2255 1978 forma
2295 1915 2547 1980 Divina
2584 1915 2830 1998 Ange·

582 2006 735 2082 lica,
785 2027 959 2090 quae
1005 2014 1114 2068 est
1155 2003 1500 2080 Humana,
1541 2004 1678 2069 illis
1724 2006 1835 2088 qui
1898 2006 2221 2069 Divinum
2268 2006 2535 2072 visibile
2574 2027 2831 2088 agnos·

581 2113 748 2169 cunt
795 2111 865 2165 et
922 2102 1238 2176 credunt,
1289 2119 1429 2164 non
1475 2111 1709 2164 autem
1758 2101 1869 2184 qui
1918 2100 2240 2165 Divinum
2286 2103 2667 2182 invisibile;
2734 2102 2831 2167 illi

581 2199 762 2262 enim
809 2197 1041 2260 videre
1089 2216 1284 2260 suum
1331 2195 1655 2260 Divinum
1701 2205 2017 2279 possunt,
2066 2196 2136 2259 hi
2183 2206 2415 2260 autem
2466 2217 2608 2261 non
2670 2217 2830 2280 pos—

580 2302 762 2357 sunt.

706 2389 856 2456 80.
915 2386 1094 2470 Quia
1130 2385 1363 2469 angeli
1400 2405 1537 2449 non
1578 2387 1903 2451 Divinum
1944 2387 2303 2462 invisibile,
2344 2388 2527 2471 quod
2566 2397 2826 2452 vocant

581 2483 905 2548 Divinum
966 2483 1224 2565 absque
1281 2483 1522 2558 forma,
1561 2482 1687 2546 sed
1747 2482 2074 2545 Divinum
2132 2483 2405 2546 visibile
2470 2483 2537 2546 in
2608 2483 2830 2548 forma

581 2575 907 2654 Humana
951 2578 1355 2663 percipiunt,
1397 2578 1558 2641 ideo
1605 2576 1739 2641 illis
1785 2596 2152 2642 commune
2197 2589 2307 2642 est
2354 2579 2605 2652 dicere,
2646 2579 2828 2661 quod

578 2675 765 2739 solus
813 2674 1149 2738 Dominus
1209 2676 1300 2738 sit
1364 2674 1622 2749 Homo,
1663 2684 1737 2740 et
1797 2675 1980 2757 quod
2028 2675 2127 2738 illi
2187 2676 2325 2738 sint
2364 2675 2680 2738 homines
2740 2675 2829 2737 ab

579 2770 780 2855 Ipso;
843 2781 916 2836 et
975 2770 1156 2853 quod
1205 2770 1662 2853 unusquisque
1726 2780 1999 2834 tantum
2061 2770 2150 2834 sit
2208 2770 2442 2843 homo,
2491 2778 2825 2853 quantum

576 2866 816 2950 recipit
844 2867 1097 2949 Ipsum.
1187 2864 1314 2929 Per
1344 2867 1653 2949 recipere
1688 2864 2063 2930 Dominum
2090 2864 2492 2948 intelligunt
2522 2864 2826 2948 recipere

575 2962 830 3025 bonum
878 2972 950 3025 et
1005 2981 1240 3025 verum
1288 2982 1462 3045 quae
1509 2962 1596 3026 ab
1635 2960 1820 3043 Ipso,
1862 2963 2184 3045 quoniam
2223 2962 2562 3025 Dominus
2600 2970 2709 3026 est
2754 2960 2825 3025 in

576 3078 701 3121 suo
746 3058 931 3120 bono
978 3066 1049 3119 et
1110 3053 1178 3119 in
1227 3077 1349 3120 suo
1394 3078 1600 3135 ver03
1668 3056 1801 3120 hoc
1848 3058 2058 3120 etiam
2106 3066 2359 3119 vocant
2412 3055 2825 3139 sapientiam

573 3162 645 3217 et
693 3151 1268 3234 intelligentiam:
1329 3151 1590 3227 dicunt,
1640 3152 1821 3235 quod
1863 3153 2145 3236 quisque
2185 3152 2356 3216 sciat
2394 3152 2575 3234 quod
2614 3150 2822 3215 intel-

576 3247 862 3331 ligentia
894 3257 965 3312 et
1001 3247 1341 3330 sapientia
1371 3246 1626 3311 saciant
1659 3247 2035 3323 hominem,
2064 3257 2135 3311 et
2170 3267 2306 3309 non
2334 3245 2540 3310 facies
2564 3245 2822 3331 absque

571 3342 727 3407 illis.
821 3340 1026 3424 Quod
1074 3344 1172 3406 ita
1217 3342 1327 3416 sit,
1377 3344 1583 3405 etiam
1628 3351 1917 3424 apparet
1971 3364 2061 3405 ex
2109 3341 2375 3424 angelis
2422 3341 2820 3405 interiorum

573 3437 958 3515 caelorum3
998 3436 1118 3511 illi,
1147 3438 1305 3521 quia
1337 3459 1376 3500 a
1408 3437 1713 3500 Domino
1744 3438 1811 3500 in
1846 3437 2030 3501 bono
2063 3448 2135 3500 et
2161 3457 2324 3500 vero
2350 3446 2534 3512 sunt,
2562 3446 2635 3499 et
2661 3436 2821 3499 inde

570 3535 636 3597 in
664 3532 1004 3616 sapientia
1027 3542 1099 3597 et
1125 3531 1614 3613 intelligentia,
1643 3533 1712 3596 in
1739 3531 2197 3615 pulcherrima
2222 3542 2294 3595 et
2320 3528 2819 3614 perfectissima

569 3630 788 3693 forma
831 3628 1130 3692 humana
1175 3636 1372 3705 sunt;
1449 3637 1520 3691 et
1561 3626 1825 3709 ⁴angeli
1890 3626 2278 3690 inferiorum
2342 3624 2688 3689 caelorum
2748 3624 2817 3689 in

570 3725 790 3793 minus
838 3720 1136 3805 perfec‘ta
1183 3732 1254 3786 et
1303 3720 1624 3803 pulchra:
1681 3734 1755 3785 at
1800 3722 1949 3785 vice
1987 3742 2187 3784 versa
2232 3721 2299 3784 in
2345 3718 2639 3799 inferno;
2692 3719 2815 3795 illi,

567 3820 680 3901 qui
737 3818 852 3893 ibi,
901 3818 968 3881 in
1031 3817 1183 3881 luce
1230 3815 1425 3889 caeli,
1474 3816 1594 3881 vix
1641 3826 1978 3899 apparent
2034 3825 2110 3879 ut
2170 3816 2506 3890 homineS,
2556 3812 2679 3878 sed
2739 3825 2816 3878 ut

568 3922 916 3990 monstra3
973 3922 1134 3977 sunt
1171 3912 1356 3977 enim
1402 3912 1469 3974 in
1509 3910 1695 3975 malo
1741 3921 1811 3975 et
1854 3910 2049 3987 falso,
2092 3922 2163 3975 et
2212 3932 2349 3974 non
2396 3911 2465 3974 in
2511 3911 2698 3974 bono
2745 3920 2815 3974 et

565 4030 754 4084 vero,
775 4019 847 4074 et
871 4009 1033 4072 inde
1055 4009 1124 4071 in
1150 4008 1489 4090 oppositis
1514 4007 1896 4087 sapientiae
1921 4016 1994 4069 et
2020 4005 2527 4087 intelligentiae
2551 4026 2568 4083 ;
2608 4025 2817 4087 quare

565 4106 776 4169 etiam
808 4104 955 4168 vita
985 4122 1218 4167 eorum
1255 4122 1392 4165 non
1423 4110 1714 4165 vocatur
1750 4101 1917 4175 vita,
1952 4102 2073 4165 sed
2114 4120 2296 4164 mors
2336 4100 2728 4184 spiritualis.

689 4198 827 4263 81.
888 4196 1068 4280 Quia
1105 4196 1374 4261 caelum
1411 4197 1482 4261 in
1519 4206 1678 4261 toto
1725 4206 1799 4261 et
1857 4197 1928 4259 in
1972 4205 2171 4279 parte
2215 4196 2426 4260 resert
2464 4195 2813 4260 hominem

565 4316 654 4359 ex
703 4294 960 4359 Divino
999 4294 1329 4357 Humano
1366 4292 1668 4367 Domini,
1710 4292 1869 4355 ideo
1906 4290 2137 4375 angeli
2172 4292 2416 4355 dicunt
2454 4292 2639 4375 quod
2676 4291 2815 4355 sint

563 4393 629 4453 in
692 4388 1014 4464 Domine,
1054 4396 1126 4452 et
1186 4389 1463 4471 quidam
1509 4386 1693 4470 quod
1748 4386 1885 4449 sint
1941 4386 2009 4451 in
2064 4406 2353 4469 corpore
2408 4383 2654 4470 Ipsius,
2694 4406 2817 4470 per

563 4486 745 4569 quod
791 4484 1195 4566 intelligunt
1242 4504 1394 4548 esse
1439 4482 1510 4547 in
1553 4482 1741 4547 bono
1777 4480 2030 4547 amoris
2070 4478 2331 4566 Ipsius:
2380 4483 2561 4547 sicut
2598 4482 2811 4547 etiam

565 4581 723 4663 Ipse
761 4579 1100 4645 Dominus
1136 4578 1369 4657 docet,
1409 4578 1731 4656 dicendo,
