3371 5304
623 580 748 664 362
1273 593 1376 644 DE
1419 591 1672 643 CAELO
1716 593 1815 643 ετ
1860 591 2227 644 manue.

611 772 900 838 tametsi
945 791 1082 836 non
1128 780 1330 856 patet
1377 789 1610 836 coram
1655 769 1939 844 mundo,
1986 769 2101 834 ubi
2144 788 2301 834 eum
2346 765 2537 834 dista
2578 766 2857 834 vincula

611 868 940 932 retinent.
1029 866 1238 948 Quod
1273 868 1374 930 ita
1407 866 1522 940 sit,
1555 885 1765 929 nemo
1796 885 1935 930 non
1972 865 2167 930 videt
2198 864 2383 946 apud
2418 872 2745 947 potentes
2780 875 2857 928 et

611 979 836 1044 reges,
880 962 1124 1044 quibus
1169 981 1308 1026 non
1355 960 1526 1026 talia
1567 959 1760 1026 frena
1800 969 1879 1026 et
1918 959 2201 1024 vincula
2240 967 2427 1034 sunt,
2470 959 2587 1042 qui
2626 969 2859 1034 ruunt,

609 1065 685 1122 et
723 1055 1098 1138 subjugant
1143 1056 1526 1139 provincias
1563 1065 1638 1119 et
1681 1075 1921 1138 regna,
1958 1065 2295 1137 quantum
2340 1054 2477 1118 illis
2520 1055 2857 1130 succedit,

609 1161 683 1216 et
713 1150 1068 1234 adspirant
1094 1151 1180 1214 ad
1211 1151 1604 1233 potentiam
1633 1159 1713 1214 et
1744 1150 2041 1232 gloriam
2060 1150 2255 1214 ultra
2286 1148 2561 1212 limites,
2652 1144 2857 1232 Quod

609 1246 714 1310 ita
771 1247 886 1322 sit,
932 1247 1158 1310 adhuc
1206 1244 1636 1310 manifestius
1681 1254 1883 1326 patet
1934 1245 2027 1310 ab
2068 1245 2405 1310 hodierna
2448 1242 2857 1326 Babylonia,

607 1361 784 1422 quae
825 1342 1260 1405 dominatum
1303 1341 1628 1404 extendit
1683 1341 1756 1403 in
1810 1340 2101 1415 caelum,
2146 1350 2221 1404 et
2278 1359 2557 1404 omnem
2602 1351 2857 1422 poten-

608 1437 778 1500 tiam
827 1436 1151 1500 Divinum
1193 1434 1472 1499 Domini
1515 1437 1584 1498 in
1631 1457 1707 1500 se
1752 1436 2137 1511 transtulit,
2171 1445 2249 1500 et
2290 1436 2623 1498 continue
2664 1435 2857 1518 cupit

605 1529 808 1595 ultra.
899 1529 1104 1613 Quod
1143 1530 1324 1596 tales
1369 1531 1510 1595 sint
1545 1551 1822 1614 prorsus
1856 1540 2105 1596 contra
2136 1531 2461 1594 Divinum
2498 1539 2573 1594 et
2608 1541 2857 1594 contra

603 1625 896 1701 caelum,
932 1637 1003 1689 et
1037 1646 1161 1707 pro
1191 1626 1479 1701 inferno,
1511 1645 1668 1690 cum
1702 1635 1861 1707 post
1892 1637 2189 1690 mortem
2220 1627 2290 1688 in
2320 1625 2613 1690 alteram
2636 1626 2855 1690 vitam

603 1719 914 1796 veniunt,
952 1721 1270 1785 videatur
1333 1722 1402 1784 in
1462 1720 1801 1804 opusculo
1854 1720 1961 1786 De
2024 1719 2275 1786 Ultimo
2318 1719 2596 1796 Judido
2648 1730 2717 1784 et
2770 1720 2855 1784 de

603 1813 978 1896 Babylonia
1013 1815 1380 1878 destrut't'a.

728 1910 946 1994 560·
1001 1908 1187 1976 Siste
1213 1910 1338 1975 tibi
1369 1909 1667 1994 aliquam
1694 1911 2107 1975 societatem
2132 1931 2225 1974 ex
2258 1910 2539 1986 talibus,
2562 1931 2851 1994 quorum

605 2021 852 2067 omnes
889 2021 964 2069 se
1002 2004 1225 2068 solum
1269 2014 1534 2080 amant,
1573 2013 1650 2070 et
1692 2025 1833 2068 non
1870 2004 2044 2068 alios
2080 2005 2209 2067 nisi
2244 2014 2579 2086 quantum
2614 2024 2849 2070 secum

603 2117 810 2160 unum
847 2097 1128 2174 faciunt,
1169 2108 1242 2164 et
1286 2099 1554 2164 videbis
1589 2099 1775 2182 quod
1812 2117 2007 2163 amor
2042 2099 2315 2162 illorum
2354 2119 2493 2162 non
2538 2098 2713 2164 alius
2758 2101 2848 2165 sit

605 2211 814 2275 quam
853 2194 1032 2258 sicut
1067 2213 1263 2258 amor
1299 2194 1727 2277 praedonum
1761 2195 1946 2258 inter
1986 2215 2103 2274 se3
2157 2196 2269 2277 qui
2306 2203 2641 2277 quantum
2678 2215 2845 2260 con·

601 2283 888 2367 junctim
927 2299 1170 2369 agunt,
1211 2309 1284 2352 se
1321 2287 1725 2353 osculantur
1760 2298 1834 2353 et
1880 2289 2139 2352 amicos
2173 2299 2473 2368 vocant3
2520 2297 2594 2352 at
2631 2308 2845 2371 quan·

600 2390 748 2445 tum
781 2401 919 2444 non
949 2381 1364 2464 conjunctim
1401 2393 1644 2464 agunt,
1671 2392 1745 2448 et
1782 2393 2117 2467 quantum
2148 2384 2578 2448 dominatum
2610 2405 2847 2450 eorum

600 2474 937 2556 rejiciunt,
985 2477 1246 2541 irruunt
1291 2487 1364 2541 et
1409 2477 1781 2544 trucidant.
1870 2477 1941 2542 Si
2000 2478 2453 2560 explorantur
2496 2479 2843 2558 interiora,

599 2591 722 2636 seu
765 2573 976 2635 animi
1019 2592 1277 2648 eorum,
1325 2573 1687 2657 apparebit
1732 2574 1913 2657 quod
1960 2573 2147 2658 pleni
2188 2575 2329 2638 sint
2378 2574 2615 2638 hostili
2659 2577 2841 2651 odio,

599 2687 772 2731 unus
804 2678 1050 2732 contra
1079 2668 1394 2743 alterum,
1422 2678 1495 2732 et
1531 2668 1717 2752 quod
1748 2670 1837 2732 ad
1874 2688 2079 2733 omne
2102 2669 2365 2751 justum
2392 2680 2467 2734 et
2504 2671 2841 2735 sincerum

601 2762 811 2826 corde
854 2763 1149 2840 rideant,
1198 2773 1270 2828 et
1332 2784 1602 2847 quoque
1648 2762 1740 2827 ad
1801 2761 2148 2840 Divinum,
2195 2764 2379 2847 quod
2424 2766 2603 2829 sicut
2648 2766 2842 2831 nihili

596 2856 932 2938 rejiciunt.
1023 2856 1179 2920 Hoc
1219 2868 1543 2923 constare
1579 2857 1804 2923 adhuc
1844 2857 2087 2921 melius
2124 2869 2362 2942 potest
2406 2880 2501 2923 ex
2545 2861 2841 2927 societa-

595 2951 783 3017 tibus
818 2970 1052 3016 eorum
1092 2952 1160 3015 in
1196 2952 1496 3029 inferniS,
1537 2954 1624 3017 de
1665 2952 1908 3037 quibus
1947 2954 2135 3017 infra.

719 3045 920 3128 361.
967 3044 1326 3123 Interiora,
1353 3068 1528 3130 quae
1561 3057 1724 3112 sunt
1756 3048 2265 3130 cogitationum
2298 3059 2370 3114 et
2402 3048 2839 3117 affe&ionum

595 3159 831 3207 eorum
871 3140 985 3222 qui
1023 3160 1098 3202 se
1136 3161 1340 3225 supra
1377 3143 1606 3206 omnia
1643 3152 1903 3219 amant,
1945 3164 2145 3207 versa
2180 3154 2342 3209 sunt
2378 3146 2469 3209 ad
2512 3166 2589 3209 se
2631 3157 2707 3211 et
2752 3146 2841 3209 ad

596 3234 946 3309 mundum,
981 3234 1081 3297 ita
1111 3253 1354 3299 aversa
1389 3256 1430 3299 a
1467 3236 1771 3299 Domino
1807 3246 1880 3301 et
1919 3257 1960 3302 a
1996 3238 2211 3301 caelo.
2300 3239 2471 3303 Inde
2502 3248 2629 3316 est,
2656 3241 2839 3324 quod

595 3328 882 3395 obsessa
925 3329 1066 3393 sint
1113 3331 1336 3395 omnis
1384 3332 1658 3413 generis
1704 3330 1923 3407 maliS,
1966 3343 2037 3396 et
2096 3333 2280 3416 quod
2328 3334 2651 3398 Divinum
2699 3355 2840 3399 non

593 3422 870 3487 influere
917 3424 1180 3506 possit;
1238 3446 1414 3509 quae
1459 3425 1644 3490 illico
1694 3437 1769 3492 ut
1814 3426 2052 3503 influit,
2092 3428 2523 3511 immergitur
2566 3431 2837 3513 cogita·

591 3518 890 3583 tionibus
921 3518 1008 3583 de
1039 3538 1136 3594 se,
1173 3528 1242 3585 et
1277 3528 1793 3602 conspurcatur,
1828 3530 1900 3585 et
1934 3541 2203 3606 quoque
2234 3522 2609 3588 infunditur
2640 3525 2837 3589 malis

591 3634 768 3697 quae
805 3624 966 3677 sunt
1013 3634 1102 3678 ex
1151 3616 1425 3697 proprio
1463 3614 1757 3679 illorum.
1848 3615 2021 3679 Inde
2066 3627 2197 3693 est,
2238 3619 2421 3701 quod
2460 3638 2700 3683 omnes
2736 3619 2839 3685 illi

592 3708 658 3771 in
698 3708 919 3771 altera
949 3710 1094 3772 vita
1123 3719 1311 3773 retro
1347 3730 1388 3773 a
1427 3708 1728 3773 Domino
1766 3708 2109 3793 spestent,
2152 3722 2223 3775 et
2260 3713 2349 3775 ad
2388 3713 2839 3796 caliginosum

590 3803 773 3885 quod
801 3802 891 3866 ibi
917 3800 1072 3865 loco
1098 3803 1262 3867 solis
1291 3804 1523 3867 mundi
1549 3816 1679 3880 est,
1709 3815 1782 3869 et
1809 3806 1991 3889 quod
2016 3826 2054 3870 e
2080 3808 2419 3871 diametro
2444 3810 2836 3891 oppositum

591 3908 698 3963 est
747 3896 888 3961 Soli
934 3897 1107 3960 caeli
1167 3899 1279 3980 qui
1338 3910 1445 3964 est
1505 3898 1840 3963 Dominus
1878 3898 2229 3983 (videatur
2280 3922 2506 3984 supra,
2548 3924 2613 3966 n.
2662 3904 2835 3985 123).

593 3997 634 4024 ‘⁴
657 3990 946 4073 Caligo”
971 3993 1182 4059 etiam
1215 3994 1555 4077 significat
1593 3994 1873 4072 malum,
1908 4006 1982 4061 et
2018 4002 2059 4031 “
2080 3996 2185 4059 sol
2220 3998 2454 4063 mundi
2476 3998 2507 4023 ”
2529 4016 2836 4063 amorem

589 4083 787 4151 sui.(²'¹'>

1363 4272 1462 4324 [(ικ
1488 4283 1684 4317 nacturus
1703 4275 2051 4327 emas-numm

695 4364 806 4489 51‘1')
859 4361 1039 4437 Quod
1067 4362 1208 4419 “sol
1235 4364 1443 4419 mundi
1465 4362 1496 4383 ”
1521 4364 1823 4435 significet
1848 4382 2115 4422 amorem
2142 4368 2235 4423 sui
2265 4368 2348 4437 (n.
2376 4368 2557 4436 2441).

729 4450 764 4487 n
795 4450 916 4504 quo
942 4450 1138 4495 sensu,
1167 4449 1272 4503 per
1299 4436 1592 4491 “adorare
1617 4437 1807 4489 solem
1829 4435 1860 4456 ’⁰
1884 4436 2257 4509 significatur
2278 4438 2527 4494 adorare
2555 4440 2658 4495 illa
2678 4454 2832 4511 quae

587 4505 891 4558 contraria
913 4516 1055 4560 sunt
1086 4505 1277 4559 amori
1309 4505 1571 4567 caelesti,
1599 4516 1659 4561 et
1690 4505 1953 4561 Domino
1980 4510 2063 4575 (n.
2090 4522 2247 4575 ²44¹·
2281 4510 2493 4578 10584).

693 4574 1112 4631 “incalescens
1131 4576 1220 4631 sol
1240 4576 1269 4595 ’⁹
1285 4577 1446 4647 quod
1475 4576 1554 4631 sit
1573 4592 1845 4633 crescens
1870 4579 2359 4649 concupiscentia
2384 4580 2527 4637 mali
2546 4581 2627 4651 (n.
2646 4581 2831 4651 8487).
