3371 5304
565 625 685 688 166
1211 637 1310 688 DE
1355 635 1610 688 CAELo
1656 633 1754 685 ετ
1800 632 2167 684 mrem-to.

1493 1055 1865 1142 [XXXII]

1109 1265 1226 1328 DE
1271 1225 1518 1328 sui-u
1564 1263 1789 1344 Ρᾼειε
1834 1275 1919 1326 m
1966 1259 2253 1328 CAELO.

684 1468 880 1552 28⁴.
940 1466 1074 1550 Qui
1106 1487 1244 1531 non
1282 1467 1352 1530 in
1389 1485 1560 1549 pace
1593 1465 1771 1530 caeli
1799 1466 2045 1541 suerat,
2080 1485 2221 1530 non
2258 1464 2610 1548 percipere
2642 1474 2806 1548 pot·

556 1572 665 1627 est
710 1563 872 1646 quid
927 1582 1068 1644 pax
1111 1563 1179 1626 in
1223 1581 1358 1645 qua
1403 1570 1566 1626 sunt
1609 1561 1888 1644 angeli3
1950 1561 2163 1630 homo
2206 1562 2441 1634 etiam,
2480 1561 2811 1644 quamdiu,

555 1659 622 1720 in
669 1677 954 1741 corpore
999 1668 1132 1734 est,
1179 1678 1317 1722 non
1363 1667 1599 1740 potest
1645 1659 1949 1741 recipere
1995 1676 2239 1740 pacem
2284 1656 2480 1732 caeli,
2519 1659 2618 1720 ita
2664 1677 2801 1722 non

555 1754 906 1836 percipere
935 1753 1148 1828 illam,
1175 1754 1332 1836 quia
1363 1753 1659 1818 hominis
1684 1753 2041 1835 perceptio
2066 1761 2174 1816 est
2206 1753 2275 1817 in
2308 1750 2619 1816 naturali.
2710 1753 2801 1829 Is,

553 1860 630 1911 ut
665 1850 1018 1931 percipiat,
1045 1849 1258 1914 debet
1288 1847 1450 1913 talis
1481 1869 1656 1924 esse,
1685 1856 1761 1912 ut
1792 1848 2021 1930 quoad
2052 1848 2549 1930 cogitationem
2584 1849 2815 1929 possit⁴

553 1945 807 2018 elevari
843 1956 914 2010 et
952 1946 1200 2010 abduci
1233 1965 1277 2010 a
1311 1964 1620 2027 corpore,
1649 1954 1723 2008 et
1760 1945 1909 2008 sisti
1946 1945 2013 2008 in
2046 1945 2308 2027 spiritu,
2342 1953 2413 2008 et
2454 1954 2619 2008 tune
2650 1965 2805 2010 esse

554 2059 707 2104 cum
733 2041 1018 2124 angelis,
1110 2038 1286 2122 Quia
1315 2041 1418 2106 ita
1439 2039 1605 2104 mihi
1635 2049 1967 2124 percepta
1997 2049 2105 2122 est
2134 2060 2274 2121 pax
2300 2037 2494 2115 caeli,
2524 2059 2813 2126 possum·

555 2136 942 2202 describere
989 2135 1223 2215 illam;
1284 2145 1396 2200 ast
1443 2156 1580 2200 non
1626 2135 1909 2218 vocibus
1954 2134 2174 2217 qualis
2222 2143 2329 2200 est
2390 2137 2457 2198 in
2504 2155 2600 2211 se,
2649 2136 2817 2218 quia,

553 2250 761 2295 voces
799 2230 1140 2296 humanae
1183 2249 1324 2294 non
1363 2230 1791 2313 adaequatae
1829 2239 1993 2294 sunt
2024 2249 2045 2307 ;
2104 2229 2229 2293 sed
2275 2229 2483 2295 modo
2519 2230 2815 2304 vocibus,

555 2324 772 2408 qualis
816 2335 926 2390 est
965 2325 1434 2408 comparative
1480 2325 1569 2388 ad
1615 2325 1806 2390 illam
1852 2324 2155 2408 requiem
2202 2325 2436 2408 animi,
2474 2344 2647 2408 quae
2693 2334 2815 2406 est„

553 2420 688 2485 illis
725 2421 840 2504 qui
875 2421 1188 2484 contenti
1224 2429 1384 2486 sunt
1420 2421 1490 2484 in
1529 2420 1703 2484 De0.
2804 2497 2813 2509 ⁶

596 2562 605 2570 ·
681 2516 874 2598 285.
935 2514 1110 2580 Sunt
1147 2515 1284 2580 duo
1314 2517 1560 2580 intima
1589 2515 1783 2591 caeli,
1818 2535 2067 2596 nempe
2098 2515 2492 2579 innocentia
2530 2523 2603 2580 et
2639 2535 2800 2597 pax.

555 2609 810 2675 Intima
855 2611 1194 2690 dicuntur,
1243 2613 1402 2695 quia
1461 2611 1864 2677 immediate
1924 2610 2308 2695 procedunt
2373 2631 2414 2673 a
2481 2609 2799 2677 Domino.

555 2706 966 2771 Innocentia
985 2718 1092 2774 est
1123 2728 1218 2771 ex
1247 2728 1381 2790 qua
1404 2727 1610 2772 omne
1632 2708 1889 2771 bonum
1913 2707 2108 2783 caeli,
2136 2717 2207 2771 et
2241 2726 2380 2787 pax
2406 2714 2516 2771 est
2546 2726 2635 2769 ex
2666 2726 2801 2789 qua

554 2822 756 2867 omne
774 2801 1146 2883 jucundum
1172 2803 1333 2867 boni
1361 2824 1378 2883 ;
1423 2822 1632 2869 omne
1657 2804 1913 2867 bonum
1940 2822 2133 2866 suum
2152 2801 2522 2882 jucundum
2546 2801 2798 2881 habet3

553 2906 917 2979 utrumque
976 2908 1120 2963 tam
1180 2898 1436 2963 bonum
1482 2916 1687 2981 quam
1726 2897 2100 2979 jucundum
2158 2906 2269 2960 est
2326 2898 2602 2972 amoris,
2640 2915 2799 2961 nam

554 2992 738 3075 quod
784 3002 1054 3057 amatur
1097 2994 1230 3059 hoc
1273 2992 1531 3059 bonum
1568 2994 1841 3071 dicitur,
1882 3004 1955 3059 et
2000 3014 2267 3077 quoque
2312 3004 2387 3058 ut
2426 2992 2797 3077 jucundum

554 3088 962 3171 percipitur:
1010 3090 1172 3153 inde
1203 3091 1528 3173 sequitur,
1569 3090 1755 3174 quod
1794 3091 1931 3154 duo
1968 3089 2087 3154 illa
2123 3090 2387 3165 intima,
2427 3110 2601 3172 quae
2638 3098 2799 3153 sunt

471 3242 478 3247 .
553 3184 949 3248 innocentia
995 3195 1067 3249 et
1114 3204 1278 3267 pax,
1319 3206 1410 3249 ex
1458 3186 1714 3251 Divino
1753 3184 2014 3249 Amore
2061 3183 2343 3249 Domini
2389 3183 2795 3267 procedant,

553 3289 626 3343 et
658 3278 963 3345 afficiant
1001 3280 1290 3363 angelos
1337 3282 1428 3347 ab
1471 3282 1738 3345 intimo.
1829 3280 2035 3363 Quod
2070 3280 2467 3345 innocentia
2501 3281 2593 3345 sit
2636 3279 2797 3345 inti-

555 3395 739 3441 mum
777 3376 960 3453 boni,
1003 3377 1317 3441 videatur
1359 3378 1427 3441 in
1473 3376 1769 3442 articulo
1813 3396 1981 3441 mox
2028 3377 2511 3459 praecedente,
2552 3374 2665 3441 ubi
2710 3374 2799 3441 de

553 3480 743 3533 statu
779 3470 1215 3537 innocentiae
1246 3472 1647 3553 angelorum
1681 3470 1854 3537 caeli
1890 3468 2119 3535 actum
2150 3480 2262 3537 est
2282 3492 2300 3550 ;
2346 3470 2530 3553 quod
2566 3480 2799 3536 autem

554 3586 694 3649 pax
734 3566 825 3629 sit
863 3567 1178 3630 intimum
1202 3565 1480 3650 jucundi
1516 3588 1606 3630 ex
1647 3567 1833 3631 bono
1862 3567 2323 3641 innocentiae,
2359 3585 2535 3631 nunc
2573 3566 2797 3647 expli-

556 3662 842 3725 cabitur.

679 3756 881 3823 286.
941 3757 1149 3837 Unde
1201 3777 1342 3841 pax
1378 3758 1670 3841 primum
1708 3757 1993 3823 dicetur.
2084 3757 2333 3823 Divina
2368 3757 2515 3823 Pax
2568 3766 2677 3823 est
2702 3758 2799 3822 .in

555 3854 880 3927 Domine,
921 3855 1235 3918 existens
1271 3875 1362 3917 ex
1402 3856 1650 3917 unione
1690 3854 1899 3937 ipsius
1946 3852 2175 3917 Divini
2232 3872 2314 3917 ac
2370 3853 2601 3918 Divini
2648 3852 2799 3917 Hu-

557 3949 740 4013 mani
799 3948 866 4011 in
927 3948 1111 4031 Ipso·
1200 3948 1524 4014 Divinum
1581 3951 1771 4031 pacis
1837 3948 1907 4013 in
1962 3948 2160 4013 caelo
2204 3958 2313 4013 est
2372 3968 2415 4011 a
2474 3949 2797 4023 Domino,

554 4044 870 4108 existens
919 4064 1012 4107 ex
1059 4041 1542 4127 conjunctione
1582 4042 1803 4129 Ipsius
1852 4062 2007 4109 cum
2055 4043 2322 4127 angelis
2368 4044 2567 4119 caeli,
2608 4054 2683 4110 et
2730 4046 2798 4107 in

555 4137 943 4222 particulari
975 4160 1066 4204 ex
1100 4136 1576 4222 conjunctione
1601 4140 1763 4204 boni
1794 4148 1867 4204 et
1896 4141 2039 4204 veri
2062 4138 2250 4224 apud
2282 4140 2801 4223 unumquemvis

555 4233 924 4316 angelum:
992 4232 1123 4297 hae
1181 4244 1342 4299 sunt
1389 4235 1693 4316 origines
1738 4234 1946 4317 pacis.
2034 4234 2149 4297 Ex
2194 4235 2437 4318 quibus
2480 4244 2799 4299 constare

554 4338 814 4412 potest,
864 4330 1045 4412 quod
1105 4349 1246 4412 pax
1304 4330 1372 4394 in
1429 4329 1638 4394 caelis
1697 4332 1785 4396 sit
1841 4330 2163 4395 Divinum
2210 4330 2449 4393 intime
2494 4326 2799 4392 afficiens

555 4426 985 4490 beatitudine
1031 4444 1233 4490 omne
1293 4426 1547 4489 bonum
1593 4426 1709 4501 ibi,
1748 4426 1847 4490 ita
1906 4446 1997 4489 ex
2044 4446 2179 4509 qua
2223 4444 2427 4490 omne
2472 4424 2799 4507 gaudium

555 4520 770 4600 caeli;
817 4531 889 4585 et
927 4522 1110 4604 quod
1141 4522 1232 4587 sit
1263 4522 1332 4585 in
1365 4542 1488 4585 sua
1517 4523 1822 4586 essentia
1855 4521 2177 4585 Divinum
2208 4520 2533 4604 gaudium
2568 4519 2799 4584 Divini

556 4618 807 4682 amoris
841 4615 1116 4682 Domini
1152 4638 1244 4681 ex
1290 4614 1773 4700 conjunfitione
1812 4616 2034 4701 Ipsius
2072 4636 2227 4683 cum
2264 4614 2482 4693 caelo,
2521 4625 2596 4680 et
2642 4634 2793 4680 cum
