3371 5304
633 572 761 638 QUI
786 572 869 623 IN
894 571 975 624 IN
981 571 1024 622 F
1028 570 1251 623 ERNIS
1269 571 1487 635 SUNT,
1505 571 1589 622 IN
1615 571 1849 624 MALIS
1872 571 1969 625 ET
1993 573 2183 626 INDE
2204 572 2463 627 FALSIS
2483 573 2701 626 SUNT.
2743 560 2863 644 363

754 747 954 830 362·
1013 741 1204 808 Mala
1237 763 1412 826 quae
1456 741 1594 810 illis
1637 751 1799 810 sunt
1843 742 1957 826 qui
2007 743 2077 812 in
2122 763 2356 812 amore
2412 744 2537 822 sui,
2576 755 2739 813 sunt
2795 746 2865 810 in

628 857 908 922 genere,
967 847 1414 921 contemptus
1477 839 1791 916 aliorum,
1856 840 2133 918 invidia,
2192 840 2550 907 inimicitia
2622 851 2868 912 contra

626 955 866 1002 omnes
901 937 1014 1020 qui
1045 935 1174 998 sibi
1205 954 1346 1002 non
1373 935 1633 1010 favent.
1667 934 2022 1002 hostilitas
2044 935 2231 1010 inde,
2264 937 2425 1006 odia
2454 938 2621 1004 varii
2650 957 2863 1020 gene,-

625 1032 738 1106 ris,
786 1028 1152 1106 vindictae,
1201 1040 1414 1105 astuS,
1463 1029 1627 1107 doli,
1673 1030 2259 1106 immisericordia,
2305 1051 2385 1098 ac
2453 1032 2863 1109 crudelitas;

620 1136 696 1192 et
743 1125 970 1208 quoad
1013 1125 1358 1206 religiosa,
1397 1133 1508 1190 est
1567 1145 1707 1192 non
1744 1125 1957 1192 modo
1992 1135 2443 1208 contemptus
2490 1126 2742 1201 Divini,
2780 1147 2861 1190 ac

625 1221 1026 1284 Divinorum
1053 1239 1228 1303 quae
1253 1227 1417 1284 -sunt
1451 1240 1614 1286 vera
1643 1229 1717 1284 et
1748 1221 1935 1285 bona
1966 1219 2327 1296 ecclesiae,
2362 1221 2484 1284 sed
2514 1221 2731 1287 etiam
2768 1223 2867 1292 ira

623 1325 868 1381 contra
903 1315 1026 1380 illa
1055 1337 1069 1392 ;
1117 1335 1292 1398 quae
1329 1335 1600 1398 quoque
1636 1318 1932 1384 vertitur
1964 1315 2035 1385 in
2071 1317 2307 1386 odium
2345 1335 2501 1384 cum
2538 1315 2749 1382 homo
2782 1315 2863 1386 ‚fit

622 1411 900 1491 spiritus
934 1430 949 1487 3
989 1429 1076 1474 ac
1117 1419 1280 1474 tunc
1321 1429 1460 1478 non
1499 1410 1711 1496 modo
1756 1430 1895 1474 non
1940 1412 2241 1477 sustinet
2278 1411 2511 1477 audire
2556 1410 2699 1485 illa,
2740 1410 2862 1476 sed

619 1505 830 1574 etiam
859 1503 1107 1586 flagrat
1141 1504 1304 1571 odio
1327 1515 1574 1571 contra
1597 1525 1842 1572 omnes
1872 1507 1985 1588 qui
2018 1505 2343 1573 Divinum
2364 1515 2753 1588 agnoscunt
2789 1516 2863 1570 et

619 1600 877 1665 colunt.
966 1598 1276 1666 Locutus
1312 1619 1462 1664 sum
1505 1619 1662 1667 cum
1702 1601 2001 1682 quodam
2046 1602 2163 1684 qui
2206 1603 2275 1665 in
2314 1601 2575 1668 mundo
2612 1611 2861 1682 potens

617 1694 855 1769 fuerat,
883 1704 956 1758 et
987 1703 1206 1762 semet
1236 1695 1306 1764 in
1331 1695 1659 1778 superiori
1685 1696 1905 1777 gradu
1928 1706 2285 1762 amaverat
2309 1717 2325 1776 ;
2370 1698 2429 1760 is
2460 1698 2681 1762 solum
2707 1716 2860 1761 cum

617 1789 877 1854 audivit
917 1791 1254 1859 nominari
1291 1789 1634 1866 Divinum.
1665 1811 1749 1856 ac
1786 1791 2119 1872 imprimis
2156 1811 2307 1858 cum
2347 1793 2609 1858 audivit
2640 1793 2861 1859 nomi·

617 1885 762 1950 nari
801 1886 1193 1961 Dominum,
1228 1894 1434 1952 tanto
1457 1887 1765 1968 percitus
1796 1893 1905 1951 est
1942 1887 2103 1952 odio
2139 1907 2233 1953 ex
2270 1888 2391 1963 ira,
2427 1898 2501 1953 ut
2538 1887 2861 1970 flagraret

619 1999 860 2046 necem
919 1980 1080 2061 ejus.
1188 1980 1256 2047 Is
1307 2001 1600 2063 quoque,
1659 2000 1817 2046 cum
1872 1982 2407 2050 remittebantur
2462 1983 2653 2050 frena
2716 1981 2859 2064 ejus

615 2076 852 2150 amori,
902 2075 1160 2156 cupivit
1196 2077 1343 2158 ipse
1390 2075 1725 2140 Diabolus
1770 2095 1947 2149 esse,
1997 2085 2073 2141 ut
2118 2097 2211 2140 ex
2256 2096 2492 2142 amore
2536 2079 2643 2146 sui
2690 2097 2856 2145 con-

617 2171 808 2234 tinue
839 2179 1078 2252 posset
1109 2170 1435 2235 infestare
1471 2171 1762 2238 caelum.
1854 2170 2008 2236 Hoc
2042 2172 2255 2237 etiam
2286 2173 2569 2254 cupiunt
2608 2173 2856 2255 plures,

620 2265 733 2346 qui
763 2285 855 2330 ex
891 2265 1248 2330 Ponti-ficia
1278 2265 1612 2348 religione
1645 2275 1829 2340 sunt,
1856 2286 2063 2350 quum
2095 2267 2165 2330 in
2194 2266 2417 2334 altera
2449 2269 2593 2332 vita
2614 2289 2858 2352 apper-

617 2361 876 2442 cipiunt
913 2361 1098 2443 quod
1135 2359 1438 2425 Domino
1473 2362 1697 2427 omnis
1736 2369 2055 2442 potestas
2090 2361 2203 2436 sit,
2242 2381 2321 2426 ac
2364 2361 2552 2426 nulla
2588 2363 2741 2426 illis.

738 2457 946 2537 363.
1006 2453 1462 2538 Apparebant
1509 2455 1724 2539 aliqui
1768 2457 2049 2538 spiritus
2090 2456 2260 2526 mihi
2318 2457 2391 2522 in
2436 2457 2858 2522 occidentali

619 2550 828 2634 plaga
885 2571 1124 2616 versus
1174 2551 1721 2627 meridionalem,
1768 2552 1881 2634 qui
1941 2552 2269 2618 dicebant
2334 2573 2409 2618 se
2471 2555 2541 2618 in
2606 2573 2861 2636 magna

615 2646 962 2729 dignitate
991 2647 1413 2713 constitutos
1443 2646 1646 2714 fuisse
1683 2647 1753 2713 in
1791 2647 2073 2725 mundo,
2111 2658 2185 2713 et
2220 2648 2400 2731 quod
2435 2658 2859 2715 mererentur

617 2741 936 2823 praeferri
973 2741 1125 2808 aliis
1169 2762 1250 2805 ac
1295 2741 1434 2809 illis
1469 2742 1826 2824 imperare.
1918 2741 2027 2807 Illi
2060 2742 2411 2825 explorati
2454 2744 2545 2807 ab
2586 2743 2857 2826 angelis

615 2836 856 2919 quales
892 2838 1076 2902 intus
1113 2848 1390 2917 essent;
1455 2847 1530 2902 et
1575 2838 1915 2921 comperti
1951 2839 2136 2921 quod
2190 2839 2259 2905 in
2306 2839 2553 2905 muniis
2596 2840 2736 2907 suis
2788 2840 2858 2904 in

615 2933 874 3003 mundo
919 2952 1058 2997 non
1113 2931 1576 3016 spectaverint
1633 2934 1723 2999 ad
1784 2952 1964 3007 usus,
2010 2935 2135 2998 sed
2186 2935 2273 2999 ad
2332 2944 2577 3011 semet,
2627 2945 2701 2999 et
2758 2937 2854 3001 sic

615 3028 798 3109 quod
857 3047 934 3091 se
993 3028 1224 3093 usibus
1263 3027 1760 3110 praetulerint3
1826 3048 2061 3093 verum
2116 3030 2276 3111 quia
2327 3029 2725 3096 ambiebant
2782 3040 2856 3096 et

613 3121 923 3203 impense
959 3121 1369 3205 flagitabant
1409 3122 1684 3205 praefici
1732 3121 1919 3197 aliis„
1944 3124 2157 3189 etiam
2194 3124 2437 3189 datum
2480 3134 2589 3189 est
2637 3125 2853 3192 inter-

611 3238 766 3283 esse
796 3218 932 3285 illis
969 3220 1082 3302 qui
1113 3218 1609 3285 consultabant
1643 3220 1731 3285 de
1768 3220 1971 3285 rebus
2003 3220 2335 3300 dignioris
2366 3220 2635 3301 negotii
2666 3242 2681 3297 ;
2728 3221 2853 3287 sed

615 3322 1017 3396 perceptum
1062 3324 1194 3389 est,
1233 3315 1416 3397 quod
1465 3313 1636 3382 nihil
1681 3315 1771 3379 ad
1818 3315 2125 3397 negotia,
2174 3316 2259 3379 de
2304 3316 2548 3397 quibus
2594 3316 2852 3397 ageba-

613 3420 746 3483 tur,
785 3418 1072 3490 possent
1109 3409 1494 3485 attendere,
1531 3418 1606 3476 et
1663 3428 1802 3475 non
1847 3409 2081 3479 videre
2140 3430 2251 3475 res
2285 3408 2471 3479 intus
2522 3411 2591 3475 in
2644 3431 2743 3487 se,
2782 3420 2854 3475 et

614 3504 798 3586 quod
838 3504 1054 3570 locuti
1091 3506 1234 3569 sint
1270 3525 1406 3571 non
1453 3526 1546 3569 ex
1593 3524 1717 3572 usu
1762 3505 1878 3579 rei,
1918 3505 2043 3569 sed
2084 3526 2179 3572 ex
2226 3506 2525 3587 proprio,
2564 3514 2636 3570 et
2682 3526 2853 3587 quo-

611 3620 740 3681 que
772 3600 951 3681 quod
977 3599 1240 3664 vellent
1275 3620 1480 3681 agere
1513 3622 1604 3663 ex
1638 3599 2077 3682 beneplacito
2110 3599 2809 3669 secundumd'avorem
2836 3622 2851 3675 ;

610 3704 1028 3776 quapropter
1062 3715 1152 3759 ex
1191 3691 1540 3762 functione
1575 3694 1696 3758 illa
1726 3696 1959 3761 emissi
1990 3703 2177 3769 sunt,
2202 3713 2281 3760 ac
2319 3690 2539 3759 relicti
2576 3704 2653 3759 ut
2686 3693 2851 3761 alibi

613 3789 740 3854 sibi
777 3790 1006 3855 munia
1041 3798 1472 3872 quaererent.
1561 3790 1955 3873 Pergebant
1990 3790 2223 3871 itaque
2262 3788 2543 3853 ulterius
2587 3788 2657 3854 in
2702 3788 2850 3871 pla-

609 3904 774 3966 gam
789 3884 1318 3960 occidentalem,
1349 3884 1460 3950 ubi
1483 3884 1590 3947 hic
1618 3894 1691 3951 et
1724 3886 1813 3949 ibi
1838 3885 2099 3967 recepti
2117 3894 2303 3959 sunt,
2330 3883 2452 3949 sed
2474 3884 2693 3947 ubivis
2716 3882 2851 3947 illis

610 3977 866 4052 dietum
904 3990 1035 4055 est,
1075 3979 1258 4063 quod
1298 3999 1436 4044 non
1473 3980 1791 4063 cogitent
1832 3979 1957 4045 nisi
1990 3998 2197 4061 quam
2233 3979 2320 4043 de
2352 3999 2447 4053 se,
2480 3988 2552 4043 et
2588 3998 2727 4045 non
2766 3978 2851 4045 de

609 4074 838 4158 aliqua
891 4096 965 4142 re
1023 4074 1154 4139 nisi
1209 4096 1302 4139 ex
1356 4095 1470 4151 se;
1539 4075 1638 4139 ita
1682 4074 1867 4159 quod
1906 4074 2159 4157 stupidi
2205 4083 2463 4148 essent,
2510 4081 2583 4138 et
2643 4073 2853 4135 modo

610 4170 786 4235 sicut
819 4168 1172 4236 sensuales
1209 4169 1516 4252 corporei
1551 4170 1869 4251 spiritus:
1918 4178 2339 4252 quapropter
2374 4168 2669 4249 relegati
2706 4167 2849 4231 ubi·

609 4284 878 4347 cunque
909 4274 1264 4329 venerunt.
1354 4264 1520 4329 Post
1551 4264 1833 4348 aliquod
1866 4274 2139 4346 tempus
2170 4265 2297 4327 visi
2332 4272 2515 4337 sunt,
2548 4262 2731 4345 quod
2762 4261 2849 4325 ad

609 4360 861 4425 incitas
905 4357 1166 4425 redacti
1211 4360 1374 4435 sint,
1423 4368 1496 4423 et
1542 4370 1951 4443 quaererent
1997 4360 2271 4441 stipem.
2361 4357 2532 4421 Inde
2578 4376 2849 4439 quoque

609 4454 852 4536 patuit,
891 4454 1076 4537 quod
1111 4454 1224 4539 qui
1270 4455 1340 4517 in
1383 4474 1614 4519 amore
1651 4454 1755 4520 sui
1785 4463 1971 4529 sunt,
2012 4462 2357 4535 utcunque
2402 4474 2494 4517 ex
2540 4452 2699 4533 igne
2748 4451 2847 4513 sui

607 4551 857 4618 amoris
893 4551 1067 4617 sicut
1103 4550 1448 4633 sapienter
1484 4549 1849 4616 videantur
1886 4548 2069 4633 loqui
2104 4549 2173 4616 in
2212 4549 2493 4627 mundo,
2533 4567 2742 4630 usque
2780 4547 2847 4611 id
