3371 5304
580 634 1097 701 UNUSQmSQuE
1130 632 1355 687 nomo
1386 632 1523 685 sss‘r
1546 632 1882 685 semu-us
1905 630 2168 697 Quom)
2193 631 2640 683 INTERIORA.
2691 619 2816 701 269

698 822 899 891 434.
960 806 1193 871 Homo
1228 825 1371 870 non
1400 812 1639 887 potest
1668 803 1982 887 cogitare
2017 812 2092 869 et
2127 802 2330 879 velle,
2364 804 2492 867 nisi
2529 806 2622 869 sit
2653 804 2810 869 sub·

577 900 825 983 iestum
870 902 1053 985 quod
1098 900 1491 965 substantia
1524 920 1619 963 ex
1662 919 1802 981 quo
1845 908 1919 964 et
1960 899 2034 961 in
2075 918 2252 981 quo;
2317 899 2499 981 quod
2537 896 2814 980 putatur

576 999 879 1063 existere
936 995 1195 1077 absque
1254 991 1565 1075 subjecto
1609 992 2071 1068 substantiali,
2119 992 2251 1057 hoc
2297 992 2466 1056 nihil
2511 1004 2642 1057 est.
2733 993 2812 1057 Id

576 1092 729 1157 sciri
773 1098 1010 1174 potest
1056 1110 1149 1155 ex
1192 1108 1302 1164 eo,
1340 1088 1525 1172 quod
1568 1088 1782 1151 homo
1823 1106 1966 1151 non
2009 1088 2242 1151 videre
2287 1087 2508 1169 possit
2554 1087 2815 1170 absque

576 1205 840 1269 organo
875 1183 1058 1268 quod
1103 1195 1211 1249 est
1256 1180 1637 1266 subjectum
1673 1184 1860 1247 visus
1905 1183 2072 1265 ejus,
2111 1202 2238 1247 nec
2283 1183 2520 1247 audire
2555 1183 2813 1265 absque

576 1300 842 1365 organo
878 1280 1062 1362 quod
1097 1288 1209 1344 est
1244 1276 1623 1361 subjectum
1660 1278 1934 1343 auditus
1971 1278 2156 1360 ejus;
2203 1278 2387 1341 visus
2425 1286 2498 1341 et
2536 1277 2816 1343 auditus

576 1376 835 1459 absque
872 1375 1010 1439 illis
1046 1373 1213 1439 nihil
1245 1382 1435 1451 sunt,
1474 1389 1601 1437 nec
1650 1372 1926 1437 dantur.
2013 1372 2121 1436 Ita
2164 1392 2434 1455 quoque
2479 1372 2816 1453 cogitatio

576 1490 751 1553 quae
794 1480 903 1535 est
946 1471 1131 1533 visus
1176 1469 1509 1544 internus,
1548 1477 1621 1532 et
1664 1468 2114 1551 apperceptio
2155 1488 2331 1550 quae
2383 1476 2494 1531 est
2539 1468 2816 1531 auditus

578 1566 904 1639 internus,
946 1564 1072 1627 nisi
1102 1564 1173 1627 hi
1207 1563 1433 1627 forent
1472 1563 1539 1626 in
1578 1562 1985 1626 substantiis
2015 1570 2086 1626 et
2124 1582 2216 1625 ex
2253 1560 2408 1635 illis,
2444 1582 2618 1645 quae
2655 1571 2814 1627 sunt

577 1658 835 1723 formae
882 1658 1269 1741 organicae,
1316 1677 1491 1740 quae
1536 1652 1864 1738 subjecta,
1905 1676 2180 1740 prorsus
2225 1676 2363 1721 non
2407 1658 2814 1722 existerent.

580 1752 694 1816 Ex
725 1752 967 1835 quibus
998 1761 1317 1817 constare
1350 1761 1607 1835 potest,
1634 1750 1818 1834 quod
1851 1752 2126 1834 spiritus
2155 1751 2450 1815 hominis
2481 1752 2570 1815 sit
2601 1770 2818 1834 aeque

580 1848 647 1910 in
698 1846 939 1922 forma,
987 1856 1061 1910 et
1116 1846 1299 1931 quod
1355 1846 1446 1911 sit
1502 1845 1570 1908 in
1628 1846 1848 1909 forma
1897 1843 2216 1920 humana,
2255 1855 2328 1909 et
2373 1846 2558 1929 quod
2602 1866 2816 1929 aeque

578 1941 903 2007 sensoriis
932 1951 1005 2007 et
1042 1942 1355 2006 sensibus
1390 1941 1694 2023 gaudeat
1732 1960 1888 2004 cum
1921 1949 2282 2023 separatus
2313 1950 2422 2020 est
2455 1960 2500 2003 a
2533 1959 2816 2021 corpore

580 2038 760 2101 sicut
792 2055 947 2100 curn
982 2036 1050 2099 in
1085 2036 1210 2099 illo
1245 2035 1413 2115 fuit3
1460 2045 1537 2099 et
1574 2035 1760 2118 quod
1798 2053 2002 2098 omne
2038 2035 2226 2098 vitae
2263 2033 2465 2109 oculi,
2505 2044 2578 2097 et
2613 2053 2816 2098 omne

581 2131 765 2195 vitae
795 2132 995 2205 auris,
1021 2130 1233 2194 verbo
1264 2148 1467 2194 omne
1499 2130 1687 2193 vitae
1720 2148 1982 2203 sensus,
2009 2128 2191 2212 quod
2224 2140 2333 2193 est
2365 2128 2644 2205 homini,
2680 2148 2816 2194 non

581 2226 672 2290 sit
707 2226 1011 2308 corporis
1049 2224 1214 2307 ejus,
1252 2225 1379 2290 sed
1423 2224 1704 2306 spiritus
1748 2221 1890 2305 ejus
1926 2222 1994 2288 in
2031 2222 2168 2287 illis
2203 2233 2276 2289 et
2314 2224 2382 2289 in
2419 2223 2816 2306 singularis·

580 2319 769 2383 simis
804 2319 1095 2383 illorum.
1186 2318 1359 2382 Inde
1404 2329 1537 2393 est,
1576 2320 1762 2401 quod
1807 2318 2084 2401 spiritus
2127 2338 2344 2400 aeque
2389 2336 2469 2381 ac
2507 2318 2820 2381 homines

581 2413 885 2491 videant,
933 2414 1239 2490 audiant,
1288 2422 1359 2478 et
1420 2414 1751 2489 sentiant,
1800 2432 2036 2478 verum
2095 2422 2254 2495 post
2311 2412 2733 2478 solutionem
2776 2433 2819 2476 a

584 2527 871 2590 corpore
930 2528 1067 2571 non
1111 2508 1180 2571 in
1228 2506 1525 2573 naturali
1584 2506 1843 2573 mundo
1899 2507 2024 2571 sed
2073 2507 2142 2571 in
2189 2507 2570 2589 spirituali;
2631 2509 2818 2590 quod

584 2604 861 2686 spiritus
905 2603 1199 2668 senserit
1246 2603 1653 2668 naturaliter
1699 2622 1855 2668 cum
1899 2602 2022 2667 fuit
2055 2602 2123 2666 in
2163 2621 2471 2686 corpore,
2511 2613 2662 2668 erat
2700 2622 2822 2686 per

586 2698 939 2762 materiale
984 2699 1169 2780 quod
1214 2699 1276 2762 ei
1321 2696 1683 2779 adjectum,
1719 2698 1844 2761 sed
1887 2717 2102 2781 usque
2145 2707 2311 2762 tunc
2357 2697 2559 2762 simul
2604 2701 2820 2762 sensit

583 2792 1051 2876 spiritualiter,
1090 2792 1471 2874 cogitando
1506 2803 1579 2856 et
1616 2792 1941 2857 volendo.

710 2899 913 2970 433.
973 2885 1169 2950 Haec
1202 2883 1385 2950 dicta
1422 2897 1605 2960 sunt,
1642 2887 1736 2950 ob
1769 2905 2046 2950 causam
2091 2894 2168 2950 ut
2213 2885 2571 2950 rationalis
2605 2885 2817 2951 homo

584 2981 941 3044 evincatur
975 2981 1157 3063 quod
1202 2981 1413 3044 homo
1448 2982 1517 3044 in
1558 3000 1631 3044 se
1669 2978 2024 3062 spectatus
2061 2982 2152 3044 sit
2186 2981 2484 3062 spiritus,
2525 2989 2598 3045 et
2638 2983 2822 3064 quod

585 3092 988 3158 corporeum
1028 3077 1089 3138 ei
1126 3072 1469 3155 adjectum
1500 3073 1926 3139 functionum
1963 3094 2167 3139 causa
2211 3076 2280 3138 in
2327 3074 2583 3140 mundo
2621 3087 2822 3140 natu-

586 3167 711 3233 rali
756 3178 830 3233 et
890 3169 1229 3234 materiali
1274 3188 1413 3233 non
1458 3170 1549 3232 sit
1595 3168 1828 3245 homo,
1877 3170 2000 3233 sed
2045 3169 2257 3233 modo
2301 3170 2823 3234 instrumentale

588 3262 731 3345 ejus
765 3263 1062 3346 spiritus.
1149 3262 1409 3327 Verum
1442 3274 1802 3344 praestant
1833 3261 2390 3328 confirmationes
2427 3264 2516 3328 ab
2551 3268 2822 3348 experi-

588 3359 799 3432 entia,
832 3359 1153 3440 quoniam
1190 3358 1549 3422 rationalia
1592 3379 1634 3422 a
1676 3358 1982 3441 pluribus
2019 3378 2160 3422 non
2197 3360 2578 3441 capiuntur,
2618 3369 2690 3424 et
2736 3359 2825 3424 ab

588 3453 725 3516 illis
752 3453 865 3536 qui
896 3473 971 3516 se
994 3452 1570 3517 confirmaverunt
1602 3453 1669 3516 in
1703 3454 2052 3518 contrario
2076 3463 2436 3517 vertuntur
2463 3454 2530 3517 in
2563 3475 2670 3518 res
2699 3456 2824 3518 du·

585 3548 735 3611 bias
767 3566 889 3628 per
919 3547 1273 3612 ratiocinia
1302 3567 1395 3611 ex
1426 3545 1716 3611 fallaciis
1752 3565 2093 3611 sensuum.
2181 3546 2317 3628 Qui
2355 3568 2429 3612 se
2465 3547 2824 3612 confirma·

588 3651 834 3706 verunt
870 3643 935 3704 in
974 3643 1341 3718 contrario,
1375 3643 1688 3724 cogitare
1725 3643 1958 3706 solent
1996 3641 2180 3725 quod
2216 3642 2481 3706 bestiae
2517 3643 2828 3708 similiter

591 3738 829 3801 vivant
872 3745 945 3802 et
990 3738 1319 3812 sentiant,
1360 3745 1432 3800 et
1478 3737 1573 3801 sic
1621 3737 1806 3819 quod
1845 3737 1982 3800 illis
2017 3757 2287 3819 quoque
2322 3737 2673 3820 spirituale
2711 3739 2822 3812 sit,

590 3830 810 3895 simile
841 3831 1021 3912 quod
1059 3830 1361 3909 homini3
1410 3839 1483 3894 et
1521 3841 1756 3894 tamen
1795 3830 1965 3895 illud
2005 3849 2158 3896 cum
2191 3851 2475 3914 corpore
2508 3833 2823 3896 moritur:

590 3925 714 3990 sed
748 3925 1125 3989 bestiarum
1160 3924 1511 4006 spirituale
1547 3944 1688 3989 non
1735 3925 1880 3989 tale
1924 3934 2056 3999 est,
2095 3925 2295 4009 quale
2331 3935 2439 3990 est
2473 3926 2826 4007 spirituale

590 4020 925 4097 hominis;
978 4025 1086 4084 e'st
1138 4020 1319 4083 enim
1365 4018 1642 4095 homini,
1680 4039 1820 4084 non
1865 4020 2128 4096 bestiis,
2161 4021 2492 4095 intimum,
2532 4021 2598 4084 in
2646 4021 2826 4104 quod

591 4113 913 4178 Divinum
950 4113 1189 4188 influit,
1229 4132 1309 4176 ac
1347 4112 1576 4176 elevat
1611 4114 1700 4176 ad
1745 4133 1844 4190 se,
1879 4123 1954 4178 et
2000 4133 2122 4196 per
2163 4115 2233 4178 id
2279 4113 2634 4197 conjungit
2673 4115 2823 4190 sibi,

592 4209 749 4272 inde
780 4208 991 4271 homo
1025 4228 1184 4290 prae
1215 4207 1441 4270 bestia
1472 4210 1786 4289 cogitare
1819 4217 2054 4289 potest
2083 4209 2170 4272 de
2203 4209 2376 4285 Deo,
2406 4228 2486 4272 ac
2519 4209 2604 4272 de
2637 4209 2826 4272 Divi·

594 4301 697 4364 nis
718 4320 893 4383 quae
917 4311 1077 4366 sunt
1102 4301 1276 4364 caeli
1302 4312 1375 4365 et
1399 4300 1762 4379 ecclesiae,
1789 4312 1863 4368 et
1888 4323 2118 4367 amare
2144 4303 2365 4368 Deum
2389 4324 2480 4367 ex
2501 4303 2636 4368 illis
2655 4313 2729 4369 et
2758 4306 2826 4368 in

592 4393 751 4469 illis,
782 4404 858 4458 et
892 4396 989 4458 sic
1030 4395 1167 4477 Ipsi
1198 4394 1559 4477 conjungi3
1604 4405 1679 4460 et
1713 4397 1898 4480 quod
1929 4397 2250 4480 conjungi
2287 4397 2538 4462 Divino
2569 4407 2826 4480 potest,

594 4508 731 4552 non
754 4489 1065 4572 dissipari
1090 4499 1363 4572 potest:
1411 4490 1536 4554 sed
1560 4491 1746 4573 quod
1779 4509 1916 4556 non
1941 4491 2260 4575 conjungi
2283 4501 2519 4574 potest
2553 4493 2825 4567 Divino,

590 4581 725 4648 hoc
768 4583 1156 4666 dissipatur.
1244 4583 1350 4648 De
1394 4585 1641 4649 intimo
1678 4585 1864 4669 quod
1907 4595 2016 4651 est
2061 4587 2319 4651 homini
2365 4607 2526 4671 prae
2563 4587 2826 4654 bestiis.
