3371 5304
677 655 778 706 DE
823 643 1402 722 CONJUN‘CTIQNE
1447 656 1676 708 CAELI
1723 657 1881 710 CUM
1922 655 2258 710 HUMANO
2302 656 2631 708 GENERE.
2674 657 2793 724 177

553 830 978 896 conscientia
1008 851 1100 896 ex
1131 851 1218 896 eo
1247 831 1431 914 quod
1465 851 1602 895 non
1635 832 1724 896 sit
1760 831 1895 896 illis
1931 833 2373 906 conscientia,
2402 829 2797 896 adscribant

552 924 696 1008 ejus
733 926 1045 990 dolorem
1083 925 1586 992 nutriculam>

677 1037 893 1106 300.
937 1020 1347 1104 Conjunc‘tio
1377 1023 1554 1088 caeli
1585 1041 1739 1088 cum
1775 1023 2077 1097 homine,
2108 1041 2245 1086 non
2278 1030 2387 1088 est
2420 1022 2597 1090 sicut
2627 1041 2795 1086 con-

548 1115 806 1198 junctio
831 1117 1125 1184 hominis
1164 1138 1319 1182 cum
1351 1117 1652 1194 homine,
1689 1120 1813 1182 sed
1850 1127 1959 1186 est
1998 1115 2392 1198 conjunctio
2424 1135 2577 1182 cum
2614 1119 2797 1181 inte-

551 1213 838 1278 rioribus
895 1231 1072 1296 quae
1137 1223 1299 1278 sunt
1357 1215 1610 1278 mentis
1669 1212 1835 1295 ejus„
1890 1215 1991 1278 ita
2055 1231 2215 1279 cum
2274 1212 2611 1295 spirituali
2678 1232 2797 1278 seu

551 1310 827 1373 interno
855 1307 998 1389 ejus
1031 1308 1348 1374 homine:
1397 1328 1552 1374 cum
1577 1309 1871 1373 naturali
1903 1317 2137 1373 autem
2172 1329 2292 1372 seu
2324 1316 2623 1372 externo
2655 1306 2796 1389 ejus

549 1412 657 1468 est
693 1397 1084 1485 conjunctio
1120 1424 1241 1486 per
1277 1404 1927 1487 correspondentias
1956 1425 1971 1481 ;
2020 1405 2107 1468 de
2143 1423 2275 1487 qua
2315 1399 2795 1485 conjunctione

549 1499 618 1562 in
656 1509 991 1581 sequente
1027 1499 1341 1575 articulo,
1383 1501 1494 1566 ubi
1543 1499 1629 1564 de
1677 1496 2174 1581 conjunctione
2212 1497 2403 1563 Caeli
2441 1518 2596 1563 cum
2646 1498 2795 1562 Ho-

551 1595 733 1660 mine
771 1615 894 1677 per
929 1594 1235 1662 Verbum
1272 1597 1615 1678 agendum
1663 1605 1790 1670 est,
1832 1597 2117 1660 dicetur.

669 1703 870 1772 3⁰1.
931 1688 1137 1772 Quod
1183 1688 1576 1772 conjunctio
1621 1691 1797 1755 caeli
1844 1709 2000 1758 cum
2046 1691 2348 1754 humano
2395 1709 2675 1774 genere,
2721 1701 2795 1756 et

549 1784 747 1867 hujus
782 1805 940 1850 cum
977 1785 1196 1862 caele,
1241 1786 1402 1851 talis
1439 1787 1528 1851 sit
1567 1795 1643 1854 ut
1683 1805 1890 1850 unum
1930 1787 2261 1852 subsistat
2309 1786 2397 1850 ab
2441 1786 2685 1864 altero,
2724 1789 2795 1852 in

551 1893 884 1964 sequente
923 1882 1217 1946 articulo
1254 1883 1464 1946 etiam
1504 1882 1789 1945 dicetur.

675 1988 876 2057 3112.
935 1976 1242 2041 Locutus
1275 1996 1424 2040 sum
1463 1997 1619 2042 cum
1658 1976 1927 2059 angelis
1966 1978 2052 2040 de
2098 1975 2581 2059 conjunctione
2619 1977 2792 2043 caeli

551 2089 704 2136 cum
729 2070 1032 2136 humano
1055 2092 1309 2155 genere
1335 2093 1350 2150 ;
1398 2081 1470 2135 et
1504 2073 1670 2146 dixi,
1700 2072 1881 2158 quod
1915 2072 2125 2136 homo
2158 2071 2495 2136 ecclesiae
2519 2073 2792 2156 quidem

550 2167 758 2241 dicat,
799 2169 982 2249 quod
1030 2187 1234 2231 omne
1281 2167 1536 2232 bonum
1585 2169 1673 2232 sit
1720 2189 1763 2234 a
1809 2168 1985 2244 De0,
2026 2179 2099 2232 et
2143 2167 2325 2251 quod
2374 2168 2608 2251 angeli
2654 2169 2794 2232 sint

549 2262 728 2344 apud
776 2262 1148 2338 hominem,
1189 2263 1311 2326 sed
1359 2264 1540 2346 quod
1588 2284 1800 2347 usque
1848 2264 2044 2346 pauci
2092 2264 2381 2328 credant
2425 2265 2607 2347 quod
2656 2265 2794 2328 sint

551 2356 892 2439 conjuncti
928 2358 1207 2433 homini,
1250 2359 1470 2422 minus
1507 2359 1691 2443 quod
1729 2360 1869 2424 sint
1906 2360 1973 2424 in
2012 2359 2440 2442 cogitatione
2478 2369 2551 2424 et
2590 2359 2791 2424 affec-

551 2455 740 2519 tione
786 2452 947 2535 ejus.
1036 2451 1154 2516 Ad
1216 2454 1385 2518 haec
1432 2454 1666 2536 angeli
1710 2454 2061 2529 dixerunt,
2110 2455 2295 2538 quod
2342 2454 2563 2519 sciant
2611 2457 2792 2538 quod

550 2549 710 2615 talis
747 2548 916 2616 fides
951 2559 1024 2614 et
1059 2569 1270 2633 usque
1301 2549 1464 2615 talis
1495 2549 1771 2634 loquela
1808 2552 1899 2616 sit
1948 2551 2013 2616 in
2052 2551 2335 2627 mundo,
2370 2560 2445 2615 et
2489 2553 2792 2616 maxime

550 2647 728 2711 intra
774 2646 1160 2721 ecclesiam,
1207 2644 1417 2729 (quod
1459 2647 1689 2712 mirati
1734 2645 1953 2731 sunt,)
2002 2647 2115 2711 ubi
2162 2656 2397 2711 tamen
2459 2657 2566 2711 est
2613 2645 2790 2711 Ver-

549 2742 734 2815 bum,
781 2742 964 2824 quod
1010 2740 1168 2805 illos
1212 2741 1422 2807 docet
1467 2743 1554 2807 de
1599 2743 1820 2818 caele,
1860 2752 1932 2807 et
1992 2742 2079 2806 de
2126 2740 2267 2823 ejus
2314 2740 2792 2824 conjunctione

549 2856 702 2909 cum
742 2837 1060 2914 homine;
1107 2856 1262 2901 cum
1299 2847 1536 2904 tamen
1574 2836 1741 2902 talis
1772 2835 2161 2920 conjunctio
2198 2838 2311 2913 sit,
2352 2847 2425 2901 ut
2448 2838 2669 2903 -homo
2707 2858 2793 2903 ne

551 2934 902 2997 minimum
940 2931 1250 3014 cogitare
1287 2934 1509 3021 possit
1547 2932 1805 3015 absque
1844 2932 2193 3015 spiritibus
2231 2933 2293 2996 ei
2330 2930 2686 3014 adjunctis,
2722 2944 2793 2999 et

549 3028 730 3110 quod
791 3028 936 3091 vita
996 3026 1139 3109 ejus
1200 3028 1574 3109 spiritualis
1619 3028 1779 3092 inde
1834 3029 2161 3110 pendeat.
2253 3027 2547 3092 Causam
2594 3029 2791 3111 igno-

550 3124 816 3187 rantiae
873 3122 1068 3205 huius
1129 3125 1223 3187 rei
1282 3124 1608 3189 dixerunt
1670 3144 1846 3200 esse,
1909 3124 2091 3207 quod
2150 3125 2361 3189 homo
2419 3125 2659 3189 credat
2718 3145 2793 3188 se

549 3218 775 3284 vivere
813 3238 906 3283 ex
942 3238 1016 3281 se
1053 3218 1310 3301 absque
1351 3240 1536 3285 nexu
1574 3238 1731 3283 cum
1770 3218 1995 3283 Primo
2034 3218 2211 3283 Esse
2242 3221 2455 3295 vitae,
2496 3228 2569 3283 et
2607 3221 2790 3303 quod

1352 3450 1447 3501 [(ικ
1472 3460 1665 3491 anem
1690 3450 2035 3504 emman

655 3562 782 3631 (aa)
821 3559 1002 3637 Quod
1021 3560 1125 3631 qui
1149 3560 1578 3617 conscientiam
1606 3577 1727 3616 non
1756 3561 1999 3623 habent.
2024 3576 2146 3617 non
2172 3562 2365 3617 sciant
2390 3560 2534 3633 quid
2560 3558 2794 3617 eonsci-

548 3634 712 3689 entia
738 3634 819 3700 (n.
851 3644 1008 3700 7490,
1035 3633 1220 3701 9¹2¹)-

581 3776 594 3789 .
653 3702 834 3775 Quod
861 3704 984 3759 sint
1009 3702 1254 3773 quidam
1279 3702 1382 3775 qui
1410 3702 1608 3758 rident
1628 3703 1704 3757 ad
1732 3702 2167 3759 conscientiam
2196 3718 2332 3758 cum
2360 3704 2619 3758 audiunt
2643 3703 2787 3775 quid

547 3786 626 3830 sn
653 3778 836 3917 gagg
847 3776 1097 3917 guidam
1118 3844 1368 3899 credant
1390 3844 1553 3916 quod
1575 3844 1945 3900 conscientia
1967 3844 2115 3899 nihil
2143 3844 2237 3907 sit,
2258 3844 2503 3917 quidam
2521 3844 2683 3917 quod
2711 3845 2789 3900 sit

547 3916 770 3987 aliquid
803 3916 974 3970 triste
1003 3914 1378 3970 dolorificum
1412 3917 1680 3970 naturale
1716 3916 1812 3971 vel
1852 3932 1925 3970 ex
1962 3916 2157 3971 causis
2198 3914 2255 3970 in
2294 3932 2548 3987 corpore
2582 3916 2678 3971 vel
2716 3932 2789 3971 ex

546 3988 742 4043 causis
771 3987 832 4042 in
865 3987 1108 4049 mundo,
1136 3986 1380 4057 quidam
1412 3986 1575 4057 quod
1608 3986 1837 4057 aliquid
1868 3987 2028 4057 apud
2060 3986 2275 4059 vulgus
2300 4004 2374 4043 ex
2400 3988 2683 4059 religioso
2707 3989 2789 4055 (n.

550 4058 1335 4201 [ἳώριῗέἓὲιρῑςὲὲηεείοηῑία
1359 4144 1518 4190 vera,
1537 4128 1911 4184 conscientia
1929 4127 2145 4199 spuria.
2165 4136 2228 4184 et
2251 4128 2621 4184 conscientia
2642 4126 2792 4183 salsa

550 4202 631 4269 (η’
653 4202 840 4343 &3321
851 4270 1030 4327 dolor
1045 4270 1453 4326 eonscientiae
1473 4270 1552 4325 sit
1571 4270 1845 4327 anxietas
1864 4270 2085 4326 mentis
2106 4279 2355 4343 propter
2372 4270 2431 4324 in
2435 4271 2682 4341 iustum,
2702 4270 2790 4325 in-

547 4341 864 4404 sincerum,
880 4352 942 4397 et
958 4341 1599 4427 quodcunque-malum
1616 4342 1779 4413 quod
1802 4342 1987 4397 homo
2006 4342 2196 4397 credit
2215 4356 2347 4397 esse
2362 4352 2575 4397 contra
2596 4340 2785 4397 Deum

548 4424 610 4469 et
633 4424 843 4556 ⁶633
864 4414 1380 4539 ἓὲιῗέσιίἱὲιῇΐίἓχίιῑῗίἑ
1405 4414 1489 4539 (siit
1512 4416 1717 4553 {gavia
1748 4498 1953 4540 amore
1984 4484 2043 4538 in
2079 4482 2272 4540 Deum
2304 4494 2367 4538 et
2404 4484 2463 4537 in
2496 4482 2790 4539 charitate

547 4570 688 4626 erga
713 4556 1058 4625 proximum·
1074 4564 1232 4617 sunt,
1259 4570 1381 4611 non
1407 4565 1610 4611 autem
1639 4554 1756 4611 illis
1781 4556 1883 4627 qui
1912 4570 2033 4611 non
2061 4564 2204 4611 sunt
2233 4556 2312 4623 (n.
2339 4554 2461 4624 831.
2488 4556 2609 4625 965.
2633 4554 2795 4625 2380,

550 4628 730 4695 7490)-
