3371 5304
505 625 628 706 348
1143 635 1245 686 DE
1290 635 1542 687 clu-:Lo
1588 636 1687 686 ET
1734 635 2094 686 mFERNO.

500 807 918 872 admittendi
956 816 1075 872 aut
1111 807 1482 890 recipiendi
1519 807 1776 872 bonum
1813 815 1885 870 et
1925 807 2085 870 inde
2122 827 2355 871 verum
2376 821 2487 872 ‘ex
2524 808 2741 872 caelo.

500 904 579 966 In
618 903 748 968 hoc
789 903 1187 987 aequilibrio
1224 912 1503 967 tenetur
1539 904 1998 985 unusquisque
2036 903 2247 967 homo
2283 924 2373 967 ex
2415 899 2738 979 Domino,

499 1001 657 1082 quia
713 1000 891 1081 regit
954 1007 1316 1082 utrumque
1375 1007 1524 1062 tam
1579 997 1853 1064 caelum
1896 1017 2097 1081 quam
2158 998 2513 1062 infernum.
2604 997 2741 1064 Cur

497 1105 731 1157 autem
777 1094 989 1157 homo
1047 1113 1169 1176 per
1212 1091 1684 1175 aequilibrium
1748 1093 1815 1155 in
1875 1092 2011 1156 hoc
2058 1089 2273 1156 libero
2318 1102 2617 1169 tenetur,
2666 1105 2739 1157 et

499 1209 635 1253 non
682 1209 774 1252 ex
823 1189 1073 1251 Divina
1117 1188 1434 1270 potentia
1478 1188 1539 1250 ei
1585 1187 1883 1250 aufertur
1929 1187 2183 1250 malum
2230 1197 2301 1252 et
2344 1187 2613 1264 falsum,
2654 1209 2735 1254 ac

496 1285 778 1348 insertur
821 1287 1077 1350 bonum
1123 1295 1196 1348 et
1241 1304 1502 1359 verum,
1550 1285 1618 1350 in
1665 1283 2113 1368 sequentibus
2159 1286 2227 1349 in
2274 1305 2397 1348 suo
2442 1286 2737 1350 articulo

493 1381 782 1444 dicetur.
1575 1425 1580 1432 -

618 1475 821 1558 538·
881 1473 1139 1537 Datum
1193 1481 1301 1537 est
1357 1473 1723 1556 aliquoties
1770 1475 2118 1555 percipere
2165 1474 2527 1557 sphaeram
2582 1475 2734 1538 falsi

493 1592 584 1633 ex
625 1570 810 1633 malo
848 1569 1244 1632 effluentem
1291 1589 1381 1632 ex
1429 1567 1691 1632 inferno
1726 1591 1745 1633 τ
1804 1580 1952 1632 erat
1992 1569 2112 1632 illa
2148 1570 2324 1633 sicut
2362 1580 2735 1653 perpetuus

493 1674 782 1729 conatus
839 1663 1238 1728 destruendi
1299 1683 1504 1728 omne
1564 1666 1819 1749 bonurn
1880 1675 1953 1728 et
2012 1685 2267 1741 verum,
2329 1663 2731 1747 conjunctus

492 1762 628 1824 irae
675 1769 749 1822 et
794 1759 984 1841 quasi
1029 1757 1230 1822 furori
1277 1759 1460 1840 quod
1509 1779 1644 1822 non
1685 1768 2019 1839 possent;
2078 1761 2405 1842 imprimis
2442 1771 2733 1824 conatus

490 1855 914 1917 annihilandi
945 1863 1016 1918 et
1048 1854 1446 1917 destruendi
1481 1853 1806 1916 Divinum
1841 1854 2140 1930 Domini,
2175 1865 2249 1919 et
2286 1855 2415 1919 hoc
2450 1857 2605 1939 quia
2642 1857 2731 1919 ab

491 1951 652 2030 Ipso
689 1969 894 2012 omne
931 1949 1187 2012 bonum
1246 1957 1319 2013 et
1378 1969 1630 2012 verum.
1722 1948 1837 2012 Ex
1896 1948 2091 2013 caelo
2130 1961 2362 2014 autem
2401 1961 2730 2034 percepta

488 2053 595 2108 est
642 2043 934 2126 sphaera
977 2044 1120 2107 veri
1171 2063 1262 2106 ex
1310 2045 1516 2118 bone,
1557 2063 1678 2125 per
1724 2063 1927 2126 quam
1975 2045 2351 2108 refrenatus
2395 2056 2503 2109 est
2548 2045 2733 2109 furor

487 2149 778 2203 conatus
803 2139 1242 2202 ascendentis
1267 2159 1358 2201 ex
1389 2138 1654 2202 inferno
1677 2161 1696 2217 ;
1742 2139 1922 2202 unde
1946 2137 2439 2222 aequilibrium.
2532 2138 2727 2204 Haec

488 2233 780 2316 sphaera
837 2254 878 2297 a
937 2233 1133 2297 caelo
1179 2243 1507 2314 percepta
1557 2243 1707 2297 erat
1771 2252 1812 2296 a
1870 2233 2023 2296 solo
2084 2233 2405 2307 Domine,
2446 2235 2727 2298 tametsi

485 2329 798 2411 apparuit
830 2349 920 2392 ex
959 2328 1228 2410 angelis
1266 2329 1334 2390 in
1368 2328 1602 2391 caelo:
1650 2329 1833 2411 quod
1872 2347 1913 2390 a
1950 2327 2101 2391 solo
2136 2329 2436 2392 Domino
2474 2338 2547 2394 et
2582 2349 2725 2394 non

485 2425 574 2487 ab
609 2423 897 2506 angeliS,
939 2434 1085 2486 erat
1126 2425 1282 2505 quia
1315 2423 1771 2506 unusquisque
1804 2423 2092 2504 angelus
2128 2425 2198 2486 in
2236 2422 2431 2487 caelo
2466 2445 2722 2507 agnos·-

485 2521 577 2582 cit
617 2519 798 2601 quod
842 2517 1008 2581 nihil
1046 2517 1208 2580 boni
1245 2526 1318 2581 et
1356 2519 1498 2580 veri
1535 2520 1623 2581 sit
1669 2537 1712 2580 a
1757 2529 2000 2590 semet,
2042 2518 2163 2581 sed
2211 2518 2393 2600 quod
2430 2539 2635 2584 omne
2681 2541 2724 2585 a

483 2613 803 2681 Domino.

605 2724 812 2792 339.
873 2707 1118 2773 Omnis
1155 2709 1477 2789 potentia
1521 2710 1590 2772 in
1628 2708 1962 2791 spirituali
2002 2710 2257 2771 mundo
2294 2720 2403 2773 est
2441 2712 2583 2774 veri
2626 2732 2721 2775 ex

479 2806 685 2879 bono,
727 2813 800 2867 et
848 2823 1123 2885 prorsus
1161 2802 1350 2867 nulla
1387 2806 1704 2886 potentia
1740 2812 1849 2866 est
1884 2802 2035 2866 falsi
2080 2824 2173 2867 ex
2218 2804 2423 2867 malo,
2514 2804 2720 2887 Quod

479 2902 702 2963 omnis
740 2900 1055 2980 potentia
1091 2900 1179 2962 sit
1217 2900 1360 2963 veri
1407 2920 1498 2961 ex
1546 2900 1753 2973 bon0,
1794 2908 1903 2961 est
1942 2899 2099 2982 quia
2136 2900 2355 2980 ipsum
2396 2898 2717 2965 Divinum

478 2996 549 3057 in
584 2994 781 3057 caelo
807 3003 913 3057 est
941 2994 1262 3057 Divinum
1291 2993 1555 3057 Bonum
1583 3005 1654 3057 et
1691 2994 2012 3057 Divinum
2040 2993 2319 3069 Verum,
2346 3014 2429 3058 ac
2464 2996 2718 3061 Divino

476 3100 584 3153 est
624 3090 844 3152 omnis
885 3090 1218 3170 potentia.
1311 3086 1514 3170 Quod
1554 3108 1827 3171 prorsus
1865 3088 2051 3152 nulla
2088 3091 2403 3171 potentia
2442 3090 2529 3154 sit
2566 3090 2719 3155 falsi

477 3204 567 3248 ex
614 3183 820 3257 male,
861 3191 968 3247 est
1005 3184 1162 3265 quia
1199 3184 1422 3245 omnis
1459 3193 1565 3245 est
1605 3184 1745 3247 veri
1792 3202 1883 3245 ex
1923 3184 2129 3257 bono,
2170 3193 2241 3246 et
2288 3184 2357 3247 in
2404 3184 2577 3249 falso
2621 3206 2715 3250 ex

476 3278 660 3341 malo
697 3288 803 3340 est
843 3277 1008 3340 nihil
1043 3279 1183 3341 veri
1219 3298 1310 3341 ex
1351 3278 1552 3341 bono.
1645 3278 1815 3341 Inde
1854 3287 1961 3340 est
1992 3279 2175 3359 quod
2210 3280 2433 3341 omnis
2466 3290 2713 3360 poten·

475 3375 572 3437 tia
609 3374 698 3435 sit
745 3372 812 3435 in
852 3372 1070 3446 caelo,
1111 3392 1190 3435 ac
1229 3371 1420 3435 nulla
1457 3374 1524 3435 in
1563 3372 1866 3449 inferno;
1916 3372 2378 3454 unusquisque
2414 3376 2597 3437 enim
2641 3376 2713 3439 in

473 3468 670 3531 caelo
715 3469 781 3529 in
829 3468 1010 3532 veris
1053 3488 1146 3531 ex
1191 3466 1378 3530 bono
1421 3476 1550 3542 est,
1597 3476 1676 3531 et
1722 3468 2179 3550 unusquisque
2226 3468 2293 3529 in
2338 3468 2602 3533 inferno
2644 3470 2709 3533 in

471 3564 657 3627 falsis
689 3584 782 3627 ex
813 3562 999 3625 malo
1024 3572 1170 3626 est:
1221 3580 1380 3625 nam
1414 3580 1550 3625 non
1585 3562 1766 3642 prius
1793 3562 2033 3645 aliquis
2062 3563 2133 3625 in
2166 3563 2435 3627 caelum
2458 3564 2711 3629 admit·

472 3660 638 3723 titur
674 3677 877 3741 quam
914 3676 1069 3720 cum
1108 3659 1177 3720 in
1213 3658 1392 3721 veris
1427 3676 1518 3719 ex
1560 3656 1745 3719 bono
1778 3667 1886 3719 est
1916 3678 1932 3734 3
1988 3674 2115 3721 nec
2154 3658 2336 3739 prius
2368 3657 2609 3741 aliquis
2642 3661 2709 3727 in

471 3752 803 3816 infernum
824 3752 1158 3834 dejicitur,
1189 3770 1391 3833 quam
1415 3770 1570 3815 cum
1605 3752 1672 3815 in
1698 3751 1891 3815 salsis
1911 3770 2005 3815 ex
2038 3751 2227 3817 malo
2250 3762 2379 3817 est.
2470 3753 2709 3835 (Quod

471 3850 562 3911 ita
607 3850 718 3923 sit,
756 3848 1072 3911 videatur
1117 3847 1184 3909 in
1229 3846 1557 3919 articulis,
1596 3847 1713 3910 ubi
1757 3844 1982 3911 aetum
2028 3856 2141 3911 est
2186 3848 2273 3911 de
2320 3850 2557 3928 prium,
2598 3870 2707 3913 se·

469 3943 694 4006 cundo
739 3954 812 4007 et
859 3943 1069 4006 tertio
1115 3942 1318 4006 Statu
1364 3940 1658 4007 hominis
1704 3952 1863 4023 post
1912 3940 2232 4016 Mortem,
2274 3962 2338 4005 n.
2366 3958 2707 4024 491-520:

469 4048 540 4101 et
592 4039 776 4120 quod
837 4038 1058 4101 omnis
1102 4038 1418 4118 potentia
1463 4038 1553 4101 sit
1597 4038 1741 4099 veri
1784 4056 1875 4099 ex
1924 4036 2130 4111 bono,
2178 4038 2245 4101 in
2292 4038 2577 4103 articulo
2620 4039 2709 4104 de

469 4133 792 4196 Potentia
828 4131 1227 4215 angelorum
1265 4132 1462 4207 caeli,
1503 4152 1568 4195 n.
1607 4130 1953 4213 228—233.)

591 4242 801 4310 540.
864 4228 1015 4291 Hoc
1051 4247 1228 4291 nunc
1261 4238 1370 4291 est
1403 4227 1872 4308 aequilibrium
1904 4228 2083 4289 inter
2104 4224 2368 4293 cae-lum
2400 4236 2473 4293 et
2506 4226 2705 4293 infer-

468 4310 649 4385 num.
741 4322 850 4387 Illi
887 4323 997 4405 qui
1035 4322 1100 4384 in
1141 4322 1402 4385 mundo
1437 4323 1795 4403 spirituum
1834 4330 2016 4393 sunt,
2052 4320 2118 4383 in
2155 4320 2277 4385 illo
2308 4322 2707 4403 aequilibrio

465 4428 648 4491 sunt,
689 4437 848 4481 narn
893 4418 1188 4481 mundus
1225 4417 1586 4499 spirituum
1631 4426 1741 4481 est
1786 4416 2049 4481 medius
2100 4416 2281 4481 inter
2314 4418 2584 4483 caelum
2628 4430 2705 4483 et

466 4510 840 4591 infernum3
906 4522 978 4576 et
1039 4513 1196 4575 inde
1243 4532 1516 4595 quoque
1561 4530 1805 4577 omnes
1848 4509 2165 4575 homines
2222 4512 2291 4573 in
2336 4513 2593 4577 mundo
2636 4512 2702 4575 in

467 4607 666 4671 simili
706 4608 1103 4692 aequilibrio
1135 4618 1481 4685 tenentur,
1509 4624 1668 4671 nam
1706 4606 2021 4672 homines
2058 4606 2127 4669 in
2164 4606 2423 4671 mundo
2454 4624 2702 4689 regun-
