3371 5304
569 626 692 708 364
1222 636 1324 686 DE
1369 633 1621 686 canno
1667 635 1765 686 m·
1811 631 2175 686 larnano.

561 811 652 874 sit
697 807 922 874 solum
967 829 1060 872 ex
1107 807 1438 878 memoria
1481 815 1557 872 et
1615 826 1759 872 non
1815 825 1907 872 ex
1965 805 2193 888 aliqua
2236 804 2391 870 luce
2434 803 2807 882 rationali;

559 925 768 989 quare
815 904 884 968 in
923 904 1146 969 altera
1181 902 1348 978 vita,
1383 921 1540 968 cum
1578 922 1691 967 res
1726 901 2100 966 memoriae
2138 897 2473 964 naturalis
2516 919 2653 964 non
2698 921 2807 964 re-

560 1000 842 1084 produci
875 999 1172 1082 amplius
1203 999 1650 1082 permittitur,
1688 1007 1855 1063 sunt
1896 997 2053 1062 aliis
2086 995 2525 1079 stupidiores,
2564 1005 2639 1062 et
2672 997 2807 1062 hoc

559 1117 652 1162 ex
689 1115 919 1173 causa,
957 1095 1116 1178 quia
1153 1094 1456 1176 separati
1493 1113 1536 1158 a
1571 1093 1851 1160 Divino.

682 1192 894 1274 564,
952 1189 1128 1254 Sunt
1161 1190 1304 1254 duo
1332 1189 1616 1253 dominii
1639 1209 1939 1270 genera;
1987 1205 2195 1251 unum
2226 1195 2337 1252 est
2364 1186 2621 1252 amoris
2640 1207 2809 1270 erga

557 1287 972 1370 proximum,
1006 1294 1079 1350 et
1117 1285 1414 1350 alterum
1451 1293 1560 1350 est
1597 1285 1851 1348 amoris
1886 1284 2010 1347 sui.
2103 1282 2298 1348 Haec
2336 1283 2475 1346 duo
2506 1284 2809 1348 dominia

555 1391 718 1446 sunt
751 1381 879 1444 sibi
917 1381 986 1444 in
1017 1399 1142 1444 sua
1169 1381 1476 1444 essentia
1507 1399 1784 1460 prorsus
1814 1379 2159 1462 opposita.
2248 1375 2384 1458 Qui
2416 1379 2808 1442 dominatur

556 1497 648 1540 ex
680 1495 915 1540 amore
947 1495 1114 1557 erga
1151 1477 1563 1556 proximum,
1596 1476 1654 1538 is
1692 1474 1841 1548 vult
1870 1473 2189 1538 omnibus
2221 1474 2498 1549 bonum,
2533 1483 2605 1538 et
2640 1473 2805 1537 nihil

557 1571 710 1653 plus
753 1581 945 1634 amat
992 1589 1198 1653 quam
1245 1589 1427 1646 usus,
1467 1571 1568 1635 ita
1611 1571 1866 1635 servire
1902 1568 2101 1648 aliis;
2160 1568 2313 1650 (per
2356 1569 2611 1632 servire
2656 1568 2807 1632 aliis

555 1665 971 1748 intelligitur
1015 1666 1168 1729 aliis
1213 1666 1472 1730 bonurn
1510 1665 1693 1729 velle
1752 1673 1826 1730 et
1888 1685 2046 1728 usus
2100 1673 2475 1745 praestare,
2516 1665 2660 1728 sive
2712 1666 2805 1728 sit

555 1762 918 1838 ecclesiae,
966 1762 1112 1826 sive
1158 1762 1448 1842 patriae,
1489 1762 1636 1826 sive
1681 1760 2027 1835 societati,
2076 1761 2221 1824 sive
2264 1760 2535 1824 concivi
2557 1758 2609 1842 ε)
2670 1759 2803 1824 hoc

556 1856 700 1939 ejus
745 1877 939 1921 amor
984 1867 1116 1932 est,
1163 1867 1238 1921 et
1297 1856 1428 1920 hoc
1469 1855 1846 1938 jucundum
1890 1856 2121 1920 cordis
2166 1854 2330 1936 ejus.
2421 1855 2489 1919 Is
2530 1873 2804 1937 quoque

553 1959 886 2033 quantum
931 1950 1245 2016 evehitur
1289 1951 1380 2015 ad
1425 1950 1810 2032 dignitates
1856 1969 2061 2032 supra
2102 1948 2299 2025 alios,
2340 1958 2613 2013 tantum
2658 1949 2803 2014 lae·

555 2055 788 2122 tatur;
852 2063 1088 2109 verum
1146 2064 1286 2108 non
1337 2053 1624 2127 propter
1668 2044 2077 2126 dignitates.
2124 2042 2247 2108 sed
2294 2054 2577 2126 propter
2620 2063 2801 2118 usur»,

553 2161 724 2222 quos
763 2149 928 2204 tunc
967 2140 1036 2203 in
1074 2139 1250 2223 pluri
1282 2140 1485 2221 copia
1519 2147 1593 2202 et
1632 2139 1873 2219 majori
1910 2139 2131 2221 gradu
2162 2147 2517 2220 praestare
2548 2147 2803 2221 potest.

553 2235 728 2298 Tale
751 2235 1130 2299 dominium
1161 2244 1269 2300 est
1301 2235 1370 2299 in
1403 2234 1634 2298 caelis.
1719 2234 1845 2310 At,
1872 2237 1987 2318 qui
2018 2236 2413 2300 dominatur
2444 2255 2535 2298 ex
2570 2253 2802 2298 amore

552 2332 676 2404 sui,
711 2331 766 2394 is
804 2329 953 2392 vult
987 2330 1160 2394 nulli
1192 2331 1471 2406 bonum,
1505 2331 1632 2394 sed
1669 2329 1797 2393 sibi
1830 2329 1997 2394 soli:
2046 2349 2229 2404 usuS,
2260 2349 2435 2412 quos
2466 2338 2801 2412 praestat,

553 2435 714 2488 sunt
747 2434 1035 2507 propter
1057 2427 1161 2489 sui
1193 2425 1528 2490 honorem
1559 2436 1633 2491 et
1665 2424 1983 2506 gloriam,
2010 2426 2123 2508 qui
2153 2426 2216 2489 ei
2248 2435 2410 2488 sunt
2443 2424 2570 2489 soli
2601 2443 2799 2488 usus:

551 2520 804 2584 servire
843 2520 992 2584 aliis
1037 2531 1148 2586 est
1193 2520 1258 2584 ei
1303 2531 1587 2601 propter
1633 2519 1839 2584 finem
1888 2529 1963 2584 ut
2008 2521 2359 2594 serviatur,
2401 2519 2799 2594 honoretur,

551 2633 630 2679 ac
679 2615 1112 2681 dominetur:
1179 2615 1400 2680 ambit
1445 2615 1829 2697 dignitates
1872 2634 2014 2680 non
2060 2623 2341 2698 propter
2383 2615 2571 2679 bona
2626 2634 2803 2699 quae

552 2713 970 2793 praestanda
1015 2712 1282 2793 patriae
1329 2719 1403 2775 et
1448 2710 1808 2787 ecclesiae,
1848 2712 1972 2775 sed
2032 2722 2109 2775 ut
2165 2712 2235 2775 in
2293 2712 2671 2777 eminentia
2728 2722 2800 2777 et

551 2806 772 2889 gloria
815 2806 928 2881 sit,
970 2814 1043 2870 et
1088 2806 1248 2871 inde
1297 2806 1364 2869 in
1421 2807 1522 2870 sui
1581 2806 1809 2872 cordis
1846 2806 2169 2888 jucundo·
2259 2806 2484 2871 Amor
2518 2808 2801 2872 dominii

552 2911 788 2965 manet
826 2903 1038 2965 etiarn
1073 2902 1594 2983 unumquemvis
1627 2912 1790 2984 post
1819 2902 2037 2966 vitam
2073 2903 2143 2965 in
2182 2903 2479 2981 mundo;
2526 2902 2649 2967 sed
2686 2904 2799 2986 qui

552 2997 892 3061 dominati
929 3006 1089 3060 sunt
1126 3016 1218 3059 ex
1265 3015 1501 3061 amore
1539 3016 1710 3077 erga
1740 2997 2153 3079 proximum,
2193 2996 2329 3061 illis
2364 2999 2801 3063 concreditur

551 3092 764 3155 etiam
804 3091 1187 3155 dominatio
1232 3092 1302 3155 in
1347 3092 1581 3169 caelis,
1621 3112 1860 3157 verum
1899 3102 2061 3157 tunc
2108 3093 2207 3157 illi
2254 3112 2393 3157 non
2438 3094 2799 3157 dominan-

550 3197 678 3263 tur,
713 3187 833 3251 sed
875 3207 1034 3249 usus
1071 3207 1244 3270 quos
1275 3198 1558 3265 amant3
1603 3198 1676 3253 et
1716 3206 1871 3251 cum
1912 3208 2093 3263 usuS,
2130 3190 2527 3253 dominatur
2556 3189 2799 3255 Domi·

551 3302 697 3345 nus.
789 3281 892 3345 At
939 3283 1050 3364 qui
1096 3284 1164 3345 in
1213 3282 1473 3347 mundo
1517 3284 1859 3348 dominati
1902 3294 2063 3347 sunt
2109 3304 2201 3347 ex
2246 3304 2481 3347 amore
2528 3285 2650 3359 sui,
2698 3284 2799 3348 illi

551 3388 711 3460 post
741 3378 962 3445 vitam
999 3377 1069 3439 in
1103 3378 1362 3441 mundo
1391 3386 1552 3441 sunt
1588 3380 1658 3441 in
1688 3378 1977 3455 inferne,
2011 3387 2083 3443 et
2118 3380 2211 3443 ibi
2241 3378 2405 3442 vilia
2436 3380 2798 3461 mancipia.

551 3471 714 3536 Vidi
753 3482 1104 3554 potentes,
1137 3474 1250 3555 qui
1296 3474 1364 3537 in
1401 3474 1662 3537 mundo
1696 3494 1789 3539 ex
1826 3494 2061 3539 amore
2098 3475 2200 3537 sui
2238 3474 2575 3540 dominati
2612 3484 2796 3550 sunt,

548 3564 842 3648 reieEtos
865 3569 1047 3633 inter
1070 3567 1463 3645 vilissimos,
1488 3578 1562 3633 et
1594 3570 1935 3652 quosdam
1958 3570 2141 3635 inter
2171 3568 2330 3635 illos
2360 3571 2475 3654 qui
2504 3570 2573 3635 in
2604 3570 2799 3635 latri-

551 3664 656 3728 nis
691 3664 804 3727 ibi.
891 3686 924 3721 ο

674 3759 882 3842 363·
929 3756 1132 3840 Quod
1167 3768 1406 3824 autum
1430 3778 1737 3825 amorem
1770 3761 2007 3825 mundi
2038 3761 2319 3837 attinet,
2344 3762 2401 3824 is
2431 3780 2630 3826 amor
2658 3779 2797 3825 non

551 3855 617 3917 in
673 3853 800 3917 tali
859 3855 1080 3935 gradu
1123 3864 1236 3919 est
1279 3856 1640 3937 oppositus
1677 3856 1893 3919 amori
1940 3856 2247 3932 caelesti,
2287 3858 2613 3942 quoniam
2657 3876 2795 3921 non

549 3958 753 4013 tanta
791 3949 973 4013 mala
1008 3950 1076 4013 in
1111 3949 1231 4013 illo
1268 3952 1628 4015 recondita
1665 3961 1847 4016 sunt.
1936 3952 2159 4017 Amor
2196 3954 2429 4017 mundi
2469 3964 2580 4017 est
2616 3952 2797 4017 velle

547 4042 832 4107 aliorum
871 4064 1040 4126 opes
1077 4046 1164 4109 ad
1203 4066 1280 4109 se
1316 4047 1624 4111 derivare
1662 4066 2066 4130 quacunque
2104 4058 2278 4123 arte,
2316 4068 2399 4111 ac
2436 4048 2504 4111 in
2542 4048 2798 4113 divitiis

549 4158 670 4203 cor
715 4159 994 4221 ponere,
1033 4161 1114 4204 ac
1155 4142 1301 4223 pati
1345 4152 1422 4207 ut
1461 4144 1758 4207 mundus
1798 4144 2110 4207 retrahat
2143 4154 2215 4209 et
2263 4144 2565 4209 abducat
2602 4144 2795 4209 illum

549 4235 640 4298 ab
686 4254 920 4301 amore
965 4236 1324 4317 spirituali,
1369 4238 1484 4321 qui
1529 4248 1640 4303 est
1685 4258 1879 4301 amor
1924 4258 2093 4321 erga
2140 4240 2553 4319 proximum,
2601 4240 2705 4305 ita
2754 4260 2799 4303 a

549 4329 744 4395 caelo
769 4342 841 4397 et
873 4352 914 4394 a
946 4331 1220 4397 Divino.
1313 4331 1451 4399 Sed
1483 4352 1676 4398 amor
1702 4332 1810 4399 hic
1842 4344 1952 4397 est
1978 4334 2369 4417 multiplex.
2450 4334 2581 4399 Est
2602 4354 2799 4399 amor

547 4444 756 4507 opum
805 4437 879 4491 ut
925 4427 1306 4493 evehantur
1347 4430 1436 4493 ad
1482 4428 1806 4506 honores,
1845 4449 2018 4512 quos
2064 4431 2287 4494 solum
2332 4442 2617 4510 amant;
2684 4441 2795 4495 est

548 4540 740 4587 amor
771 4522 1115 4588 honorum
1146 4537 1220 4589 et
1251 4526 1674 4607 dignitatum
1708 4536 1783 4591 ut
1822 4526 2172 4591 lucrentur
2202 4546 2369 4611 opes
2396 4548 2412 4591 ε
2462 4536 2571 4592 est
2600 4544 2796 4590 amor

549 4636 752 4699 opum
797 4628 1081 4701 propter
1123 4620 1350 4684 varios
1395 4640 1554 4685 usus
1599 4622 1844 4705 quibus
1881 4620 2315 4689 delcetantur
2372 4624 2441 4689 in
2486 4622 2791 4699 mund03
