3371 5304
538 582 665 659 284
1200 592 1301 643 m:
1348 590 1598 643 CAELo
1646 593 1743 642 m·
1795 592 2162 643 nur-enno.

544 766 723 827 sicut
756 764 937 847 prius
969 784 984 843 3
1034 764 1301 847 appetit
1336 764 1569 839 etiam,
1598 764 1970 841 desiderat,
2000 764 2210 848 cupit,
2237 764 2529 847 cogitat,
2556 765 2792 830 reflec-

546 860 655 936 tit,
704 858 1017 934 afficitur,
1059 869 1270 934 amat,
1306 859 1459 923 vult
1498 858 1679 923 sicut
1716 861 1949 942 prius;
2005 870 2078 923 et
2113 860 2238 941 qui
2274 860 2520 923 studiis
2559 860 2793 924 delec-

544 964 731 1018 tatur
762 956 934 1037 legit
972 963 1045 1018 et
1078 954 1317 1018 scribit
1348 955 1525 1017 sicut
1563 956 1746 1037 prius
1774 974 1791 1016 :
1839 954 2072 1030 verbo,
2106 951 2318 1018 homo
2356 973 2511 1017 cum
2544 954 2792 1019 transit

544 1050 635 1113 ab
670 1069 804 1113 una
839 1051 983 1114 vita
1020 1050 1087 1113 in
1126 1049 1440 1125 alteram,
1482 1070 1600 1114 seu
1633 1051 1722 1113 ab
1759 1070 1896 1114 uno
1929 1050 2186 1114 mundo
2221 1051 2288 1113 in
2328 1048 2646 1127 alterum,
2682 1060 2792 1115 est

542 1148 723 1210 sicut
756 1146 843 1209 ab
875 1166 1012 1209 uno
1045 1145 1200 1209 loco
1238 1146 1306 1208 in
1344 1145 1663 1220 alterum,
1699 1156 1771 1209 et
1809 1160 2042 1210 'secum
2076 1146 2207 1209 sert
2245 1147 2477 1210 omnia
2513 1166 2686 1229 quae
2723 1147 2793 1209 in

542 1259 618 1306 se
660 1250 737 1305 ut
783 1242 992 1305 homo
1028 1241 1381 1323 possidet3
1444 1240 1537 1303 sic
1584 1250 1661 1304 ut
1709 1260 1848 1304 non
1888 1242 2022 1305 dici
2070 1241 2289 1324 possit
2326 1242 2511 1323 quod
2555 1240 2789 1317 homo,

541 1346 703 1419 post
749 1345 1068 1413 mortem,
1110 1355 1283 1418 quae
1343 1337 1565 1400 solum
1610 1345 1721 1400 est
1767 1338 2075 1419 corporis
2121 1338 2488 1413 terrestriS,
2537 1337 2793 1420 aliquid

541 1432 643 1495 sui
668 1432 992 1495 amiserit.
1082 1430 1485 1495 Memoriam
1512 1433 1722 1495 etiarn
1750 1432 2136 1495 naturalem
2161 1451 2394 1496 secum
2421 1432 2591 1511 fert3
2631 1450 2793 1495 nam

540 1527 773 1589 omnia
833 1545 1279 1610 quaecunque
1337 1528 1403 1589 in
1450 1527 1708 1590 mundo
1745 1528 2027 1604 audivit,
2060 1528 2261 1603 vidit,
2298 1528 2491 1610 legit,
2525 1528 2790 1605 didicit,

541 1623 879 1706 cogitavit
912 1644 951 1685 a
984 1624 1203 1705 prima
1233 1623 1519 1686 infantia
1546 1625 1878 1705 usquead
1911 1623 2226 1687 ultimum
2255 1627 2462 1701 vitae,
2489 1626 2746 1689 retinet
2771 1646 2790 1703 3

544 1719 667 1781 sed
728 1716 1000 1801 objecta
1058 1718 1400 1782 naturalia
1457 1738 1633 1801 quae
1692 1720 1929 1782 insunt
1983 1718 2376 1794 memoriae,
2433 1721 2592 1803 quia
2649 1738 2790 1783 non

540 1816 903 1897 reproduci
941 1824 1233 1897 possunt
1270 1814 1338 1878 in
1378 1814 1715 1895 spirituali
1753 1816 2030 1891 mundo,
2072 1816 2453 1898 quiescunt,
2494 1816 2671 1879 sicut
2697 1812 2789 1881 fit

540 1910 720 1991 apud
746 1910 1095 1974 hominem
1123 1928 1327 1993 quum
1356 1929 1492 1973 non
1520 1930 1611 1973 ex
1638 1910 1775 1973 illis
1802 1911 2072 1993 cogitat
2097 1932 2114 1988 3
2155 1910 2277 1974 sed
2312 1930 2524 1992 usque
2551 1932 2785 1992 repro-

540 2007 879 2069 ducuntur
916 2006 1191 2088 quando
1230 2003 1530 2070 Domino
1573 2005 2008 2086 beneplacet.
2099 2004 2358 2069 Verum
2397 2006 2486 2069 de
2523 2025 2788 2070 memo-

540 2102 636 2165 ria
673 2101 825 2175 hac,
860 2109 933 2165 et
971 2101 1057 2163 de
1090 2100 1231 2181 ejus
1263 2109 1453 2163 statu
1485 2110 1646 2182 post
1680 2110 2002 2175 mortem,
2037 2102 2105 2163 in
2140 2120 2308 2164 mox
2340 2102 2786 2184 sequentibus

540 2198 733 2281 plura
780 2196 1113 2259 dicentur.
1207 2193 1412 2277 Quod
1458 2195 1621 2259 talis
1668 2205 1894 2259 status
1940 2196 2237 2259 hominis
2283 2206 2441 2279 post
2489 2207 2786 2260 mortem
2887 2248 2896 2255 .

539 2293 650 2368 sit,
692 2291 1025 2355 sensualis
1062 2291 1274 2353 homo
1314 2310 1589 2373 prorsus
1635 2310 1774 2353 non
1826 2292 2105 2355 credere
2146 2301 2403 2372 potest,
2444 2294 2599 2375 quia
2647 2314 2785 2356 non

541 2389 770 2468 capit3
811 2406 970 2450 nam
1003 2386 1341 2450 sensualis
1378 2387 1587 2450 homo
1632 2406 1771 2450 non
1819 2397 2056 2469 potest
2095 2387 2300 2450 aliter
2337 2408 2540 2470 quam
2579 2398 2784 2452 natu-

538 2483 773 2545 raliter
828 2484 1161 2564 cogitare,
1202 2491 1273 2544 et
1334 2501 1599 2564 quoque
1659 2481 1745 2544 de
1801 2481 2306 2564 spiritualibus;
2368 2494 2788 2565 quapropter

536 2577 656 2640 illa
700 2596 875 2661 quae
914 2598 1052 2640 non
1092 2578 1328 2654 sentit,
1369 2576 1500 2639 hoc
1539 2585 1670 2652 est,
1713 2578 1904 2641 videt
1942 2577 2159 2641 oculis
2197 2578 2298 2641 sui
2343 2578 2671 2662 corporiS,
2711 2588 2786 2643 et

539 2675 768 2754 tangit
795 2673 1106 2737 manibus
1138 2671 1301 2754 ejus,
1332 2673 1496 2736 dicit
1528 2693 1664 2735 non
1699 2693 1872 2748 esse,
1903 2674 2077 2737 sicut
2109 2673 2362 2755 legitur
2392 2673 2477 2736 de
2507 2671 2784 2738 Thoma

542 2767 734 2850 (Joh.
774 2790 897 2831 xx.
939 2784 1041 2850 25,
1083 2783 1185 2848 27,
1227 2765 1363 2851 29).
1456 2761 1701 2850 Qualis
1741 2769 2075 2832 sensualis
2111 2768 2324 2832 homo
2369 2778 2502 2844 est,
2542 2769 2782 2834 videa·

539 2875 647 2929 tur
683 2885 890 2948 supra
931 2864 1025 2948 (n.
1064 2866 1208 2946 267,
1251 2873 1321 2929 et
1361 2863 1452 2928 ibi
1491 2865 1559 2929 in
1599 2867 1784 2929 notis
1823 2863 1916 2948 b).
2876 2863 2886 2876 “

661 2961 1087 3042 462[primo]·
1147 2958 1285 3024 Sed
1332 2980 1543 3042 usque
1590 2949 1958 3023 discrimen
2005 2961 2188 3023 inter
2232 2959 2447 3023 vitam
2487 2959 2783 3024 hominis

535 3056 603 3119 in
653 3055 911 3118 mundo
950 3055 1283 3136 spirituali
1328 3075 1408 3118 ac
1456 3057 1670 3118 vitam
1719 3054 1860 3136 ejus
1906 3057 1972 3118 in
2021 3055 2279 3118 mundo
2323 3055 2639 3130 naturali,
2675 3070 2784 3118 est

537 3168 884 3232 magnum,
918 3159 1062 3213 tarn
1096 3151 1320 3232 quoad
1355 3170 1594 3213 sensus
1627 3160 1958 3213 externos
1991 3159 2062 3213 et
2099 3171 2332 3214 eorum
2365 3144 2780 3226 affthioneS,

536 3265 738 3329 quarn
786 3246 1011 3328 quoad
1073 3265 1313 3308 sensus
1361 3246 1671 3308 internos
1727 3254 1799 3309 et
1859 3263 2091 3309 eorum
2161 3241 2577 3309 affectiones.
2667 3243 2784 3308 Illi

536 3343 645 3424 qui
686 3343 753 3404 in
802 3341 996 3404 caelo
1034 3351 1217 3415 sunt,
1259 3339 1478 3405 multo
1516 3340 1925 3422 exquisitius
1963 3340 2295 3414 sentiunt,
2335 3339 2467 3405 hoc
2516 3348 2648 3417 est,
2679 3341 2780 3404 vi-

536 3437 702 3499 dent
740 3445 810 3500 et
846 3437 1152 3512 audiunt,
1193 3446 1263 3498 et
1303 3456 1569 3518 quoque
1602 3435 1976 3518 sapientius
2016 3436 2352 3516 cogitant,
2386 3453 2586 3518 quam
2627 3455 2780 3499 cum

533 3531 803 3594 fuerunt
843 3533 912 3594 in
951 3531 1247 3608 mundo;
1292 3530 1531 3594 vident
1570 3531 1751 3593 enim
1791 3551 1881 3594 ex
1922 3529 2072 3593 luce
2111 3530 2304 3606 caeli,
2339 3551 2512 3613 quae
2545 3529 2780 3595 multis

535 3628 861 3708 gradibus
908 3627 1191 3690 excedit
1239 3627 1460 3690 lucem
1516 3627 1749 3709 mundi
1802 3623 2147 3704 (videatur
2191 3645 2414 3710 supra,
2463 3645 2528 3688 n.
2583 3624 2778 3709 126);

534 3721 817 3786 audiunt
856 3723 1064 3784 etiarn
1105 3740 1226 3803 per
1263 3721 1820 3804 atmosphaeram
1858 3719 2306 3803 spiritualem,
2354 3741 2528 3804 quae
2567 3721 2778 3784 etiam

535 3817 767 3880 multis
807 3816 1132 3899 gradibus
1178 3817 1459 3880 excedit
1509 3824 1906 3879 terrestrem
1958 3815 2053 3898 (n.
2103 3811 2283 3896 235).
2375 3813 2780 3878 Differentia

534 3931 853 3975 sensuum
889 3911 1132 3975 horum
1171 3921 1617 3974 externorum
1664 3920 1769 3974 est
1813 3911 1989 3975 sicut
2036 3908 2417 3973 differentia
2462 3907 2632 3972 clari
2670 3927 2777 3973 re-

533 4005 835 4088 speffive
868 4007 955 4070 ad
990 4007 1352 4070 obscurum
1386 4006 1595 4069 nimbi
1634 4007 1702 4070 in
1738 4006 2014 4082 mundo,
2050 4025 2129 4070 ac
2163 4007 2339 4069 sicut
2374 4004 2544 4067 lucis
2576 4005 2777 4068 meri-

533 4102 641 4167 die
674 4103 759 4166 ad
800 4102 1110 4166 umbram
1143 4123 1461 4184 vespere:
1507 4101 1629 4165 lux
1668 4103 1850 4165 enim
1889 4100 2084 4176 caeli,
2119 4101 2275 4183 quia
2308 4109 2416 4164 est
2454 4099 2777 4162 Divinum

534 4197 819 4273 Verum,
862 4199 983 4261 dat
1019 4198 1190 4262 visui
1229 4197 1655 4280 angelorum,
1697 4206 1772 4260 ut
1817 4198 2273 4260 minutissima
2303 4195 2778 4279 appercipiant

534 4304 606 4357 et
645 4293 1124 4374 distinguant;
1166 4294 1660 4375 correspondet
1699 4293 1912 4356 etiam
1950 4292 2132 4354 visus
2170 4311 2406 4355 eorum
2445 4299 2777 4354 externus

533 4389 703 4451 visui
736 4388 1009 4452 interno
1041 4409 1160 4452 seu
1192 4385 1599 4462 intellectui,
1631 4407 1790 4450 nam
1817 4386 1998 4467 apud
2031 4384 2323 4467 angelos
2355 4384 2571 4449 influit
2605 4403 2777 4447 unus

535 4485 717 4547 visus
765 4485 832 4546 in
879 4483 1191 4558 alterurn,
1241 4492 1315 4547 ut
1378 4503 1583 4546 unum
1629 4491 1869 4565 agant,
1917 4482 2076 4546 inde
2124 4483 2258 4545 illis
2303 4489 2504 4547 tanta
2549 4481 2772 4544 acies:

534 4587 605 4641 et
630 4597 899 4660 quoque
924 4576 1235 4641 similiter
1254 4577 1748 4660 correspondet
1769 4573 2042 4638 auditus
2068 4576 2489 4657 perceptioni
2515 4593 2772 4647 eorum,
