3371 5304
544 625 671 707 278
1188 639 1291 689 me
1335 638 1590 691 canno
1636 639 1735 691 ΕΤ
1781 640 2150 693 mmmm.

528 816 829 889 ⁸ostensa
874 818 1036 872 sunt
1085 808 1171 871 de
1219 808 1408 875 Luce
1464 818 1538 874 et
1604 808 1854 875 Calore
1901 808 2092 874 Caeli
2141 807 2238 893 (n.
2297 809 2656 895 126-140);
2709 813 2796 879 de

544 903 799 968 Forma
848 902 1039 969 Caeli
1090 902 1187 989 (n.
1236 904 1606 989 200-212);
1674 906 1762 969 de
1811 905 2170 989 Sapientia
2215 905 2648 989 Angelorum
2699 906 2796 991 (n.

541 996 919 1083 265—275);
988 1010 1061 1064 et
1122 1001 1193 1063 in
1252 1000 1565 1077 articulo,
1628 1001 1813 1083 quod
1875 1001 2160 1066 Caelum
2216 1003 2442 1084 quoad
2501 1001 2794 1067 formam

541 1112 737 1158 suam
774 1096 843 1159 in
880 1104 1037 1159 toto
1076 1105 1150 1160 et
1198 1097 1266 1159 in
1306 1106 1503 1178 parte
1540 1095 1794 1160 referat
1832 1096 2186 1161 hominem
2229 1094 2324 1179 (n.
2369 1098 2606 1180 59—77)
2639 1120 2654 1177 ;
2721 1110 2796 1163 et

539 1188 675 1253 hoc
723 1211 815 1254 ex
861 1190 1113 1255 Divino
1160 1191 1492 1256 Humano
1537 1191 1842 1268 Domini,
1883 1212 1976 1257 ex
2021 1212 2160 1277 quo
2203 1193 2472 1257 caelum
2527 1206 2602 1259 et
2653 1195 2796 1278 ejus

540 1285 761 1351 forma
802 1284 897 1369 (n.
936 1285 1205 1369 78-86).
1915 1298 1933 1315 ⁸

666 1396 868 1465 455.
930 1380 1127 1445 Haec
1161 1402 1336 1464 quae
1377 1400 1552 1445 nunc
1591 1379 1779 1445 dieta
1815 1389 1999 1457 sunt,
2033 1381 2395 1446 rationalis
2427 1382 2639 1447 homo
2685 1380 2789 1445 in·

542 1474 865 1557 telligere
896 1484 1157 1558 potest,
1196 1495 1355 1539 nam
1403 1476 1638 1540 videre
1676 1486 1914 1559 potest
1953 1496 2044 1539 ex
2077 1496 2434 1541 causarum
2473 1498 2682 1553 nexu,
2721 1486 2796 1541 et

540 1591 635 1633 ex
672 1570 851 1633 veris
894 1571 962 1633 in
1010 1588 1139 1635 suo
1176 1571 1459 1649 ordine;
1516 1570 1639 1635 sed
1687 1570 1898 1636 homo
1934 1570 2048 1653 qui
2094 1591 2231 1636 non
2269 1572 2628 1635 rationalis
2661 1580 2794 1647 est,

539 1665 660 1729 illa
706 1685 843 1730 non
882 1664 1237 1747 intelligit.
1326 1662 1532 1747 Quod
1566 1684 1706 1729 non
1743 1664 2123 1747 intelligat,
2166 1678 2326 1729 sunt
2367 1666 2596 1749 plures
2631 1686 2792 1729 cau·

538 1780 698 1823 sae:
753 1762 1123 1844 praecipua
1160 1769 1269 1824 est
1314 1761 1501 1843 quod
1546 1779 1685 1824 non
1723 1760 1913 1837 velit,
1955 1761 2114 1842 quia
2157 1772 2318 1837 sunt
2363 1772 2608 1825 contra
2651 1761 2796 1845 ejus

539 1854 732 1930 salsa,
769 1876 941 1938 quae
972 1856 1137 1919 fecit
1170 1875 1291 1918 sua
1321 1876 1486 1919 vera
1518 1876 1534 1934 ;
1581 1865 1655 1919 et
1692 1856 1804 1938 qui
1836 1856 1992 1919 ideo
2025 1876 2162 1919 non
2199 1855 2349 1920 vult
2381 1857 2790 1939 intelligere,

540 1952 656 2014 ille
703 1951 995 2015 occlusit
1042 1953 1225 2014 viam
1283 1951 1459 2015 caeli
1519 1951 1607 2014 ad
1670 1970 1866 2015 suurn
1911 1950 2273 2027 rationale,
2320 1953 2507 2034 quod
2555 1962 2792 2017 tamen

538 2066 753 2130 usque
790 2047 1032 2128 aperiri
1066 2055 1322 2130 potest,
1358 2046 1569 2110 modo
1600 2045 1926 2110 voluntas
1957 2066 2096 2111 non
2132 2048 2414 2111 resistat
2451 2046 2797 2131 (videatur

540 2162 767 2225 supra,
818 2162 882 2205 n.
938 2141 1123 2226 424).
1214 2139 1420 2223 Quod
1477 2140 1691 2205 homo
1751 2143 1970 2223 possit
2029 2141 2420 2225 intelligere
2487 2163 2671 2219 vera,
2719 2153 2794 2209 et

538 2237 901 2301 rationalis
947 2257 1120 2313 esse,
1161 2238 1373 2301 modo
1416 2237 1607 2313 velit,
1648 2236 1781 2301 hoc
1823 2238 1986 2301 mihi
2031 2258 2152 2321 per
2189 2238 2480 2302 multam
2517 2239 2792 2321 experi-

540 2334 801 2396 entiam
850 2342 1207 2396 ostensum
1254 2342 1385 2395 est.
1475 2330 1766 2413 Saepius
1812 2332 1973 2397 mali
2019 2334 2320 2416 spirituS,
2360 2335 2478 2415 qui
2523 2335 2791 2399 irratio·

538 2427 735 2491 nales
767 2424 928 2491 fasti
960 2437 1121 2490 sunt
1155 2446 1275 2509 per
1308 2426 1377 2490 id
1415 2426 1599 2509 quod
1637 2428 1706 2491 in
1739 2428 1996 2491 mundo
2029 2429 2436 2509 negaverint
2467 2428 2790 2493 Divinum

538 2533 610 2588 et
659 2543 823 2587 vera
854 2523 1213 2596 ecclesiae,
1255 2531 1329 2586 et
1373 2542 1448 2585 se
1494 2522 2054 2587 confirmaverint
2092 2533 2338 2587 contra
2375 2523 2515 2598 illa,
2557 2524 2622 2588 vi
2669 2522 2791 2587 Di·
2823 2520 2842 2549 ¹

536 2618 698 2682 vina
739 2618 1051 2682 conversi
1084 2627 1243 2682 sunt
1279 2616 1366 2680 ad
1404 2615 1561 2681 illos
1594 2618 1708 2700 qui
1744 2618 1813 2680 in
1851 2616 2003 2682 luce
2041 2617 2183 2682 veri
2215 2628 2462 2698 erant;
2510 2626 2584 2683 et
2621 2626 2788 2686 tune

538 2715 1212 2798 comprehenderunt
1249 2715 1479 2779 omnia
1522 2716 1702 2778 sicut
1748 2714 2002 2796 angeli,
2051 2724 2124 2778 et
2183 2714 2342 2778 sassi
2401 2725 2562 2779 sunt
2605 2716 2790 2798 quod

536 2832 700 2876 vera
732 2813 893 2886 sint,
922 2821 993 2874 et
1028 2831 1297 2893 quoque
1329 2810 1515 2892 quod
1546 2811 1777 2872 omnia
1803 2809 2417 2892 comprehendant.
2507 2809 2645 2874 Sed
2676 2822 2788 2875 ut·

538 2907 830 2989 primum
876 2905 1128 2988 relapsi
1175 2914 1337 2969 sunt
1395 2904 1464 2967 in
1528 2925 1624 2979 se,
1674 2914 1747 2968 et
1807 2905 2122 2968 conversi
2168 2905 2255 2969 ad
2316 2923 2623 2968 amorem
2671 2906 2788 2988 qui

536 3001 924 3065 voluntatis
956 3019 1211 3074 eorum,
1248 2998 1417 3063 nihil
1456 2998 2156 3081 comprehenderunt,
2189 3007 2259 3062 et
2300 3000 2646 3063 contraria
2683 2999 2787 3064 lo·

539 3097 679 3159 cuti
706 3105 887 3159 sunt.
967 3094 1224 3158 Audivi
1256 3095 1463 3158 etiam
1488 3093 1826 3178 quosdam
1853 3092 2219 3158 infernales
2241 3094 2576 3170 dicenteS,
2604 3097 2788 3178 quod

537 3189 763 3253 sciant
800 3199 873 3253 et
914 3189 1293 3271 percipiant
1326 3189 1509 3272 quod
1544 3189 1801 3252 malum
1835 3189 1924 3251 sit
1965 3189 2150 3271 quod
2181 3189 2460 3266 faciunt,
2494 3199 2566 3254 et
2603 3191 2790 3274 quod

534 3283 782 3350 salsum
828 3287 919 3348 sit
966 3286 1148 3368 quod
1188 3287 1531 3368 cogitant,
1572 3284 1696 3348 sed
1741 3283 1925 3366 quod
1973 3304 2110 3347 non
2158 3285 2482 3349 resistere
2519 3287 2791 3366 possint

536 3381 640 3444 sui
678 3382 929 3444 amoris
960 3379 1283 3462 jucundo,
1322 3381 1423 3444 ita
1458 3380 1828 3454 voluntati,
1856 3388 1926 3442 et
1961 3379 2146 3462 quod
2180 3380 2352 3442 haec
2385 3379 2560 3444 serat
2595 3383 2786 3463 cogi·

537 3486 690 3542 tata
738 3497 880 3553 sua,
921 3486 1000 3540 ut
1047 3475 1301 3539 malum
1339 3476 1625 3539 videant
1662 3477 1840 3538 sicut
1878 3475 2158 3550 bonum,
2197 3495 2277 3538 ac
2323 3474 2566 3538 salsum
2613 3477 2790 3541 sicut

536 3591 793 3636 verum.
886 3571 1056 3634 Inde
1104 3571 1349 3653 patuit,
1390 3571 1572 3653 quod
1619 3569 1719 3633 illi
1758 3570 1870 3652 qui
1915 3569 1984 3631 in
2021 3568 2212 3632 salsis
2256 3580 2418 3635 sunt
2465 3591 2554 3634 ex
2603 3572 2788 3636 malo

536 3667 888 3750 potuerint
914 3665 1329 3747 intelligere,
1358 3666 1643 3748 proinde
1667 3662 2045 3729 rationales
2075 3685 2250 3739 esse,
2277 3665 2400 3728 sed
2430 3665 2614 3747 quod
2647 3685 2787 3730 non

536 3762 929 3840 voluerint;
992 3770 1065 3825 et
1104 3761 1287 3844 quod
1326 3780 1465 3825 non
1502 3760 1868 3836 voluerint,
1909 3769 2098 3824 esset
2134 3779 2362 3835 causa,
2403 3760 2560 3842 quia
2595 3779 2786 3824 ama-

536 3868 780 3922 verunt
816 3855 995 3922 falsa
1038 3876 1199 3938 prae
1236 3857 1439 3932 veris,
1479 3855 1802 3938 quoniam
1840 3855 2361 3919 concordabant
2399 3875 2554 3918 curn
2587 3856 2786 3921 malis

534 3954 603 4017 in
630 3953 873 4036 quibus
897 3961 1117 4016 erant.
1192 3950 1453 4016 Amare
1479 3961 1551 4015 et
1575 3949 1758 4014 velle
1783 3950 1966 4014 idem
1991 3960 2102 4014 est
2127 3971 2144 4029 ;
2184 3970 2341 4014 nam
2368 3951 2550 4033 quod
2577 3949 2788 4016 homo

535 4046 708 4123 vult,
747 4047 880 4111 hoc
936 4055 1147 4122 amat,
1186 4057 1259 4110 et
1306 4048 1490 4130 quod
1536 4054 1728 4110 amat
1784 4045 1915 4108 hoc
1962 4045 2136 4110 vult.
2225 4043 2570 4126 Quoniam
2624 4046 2788 4110 talis

535 4151 763 4207 status
787 4152 895 4206 est
920 4141 1296 4217 hominum,
1320 4152 1393 4205 ut
1421 4141 1687 4225 possint
1714 4139 2106 4224 intelligere
2131 4161 2292 4204 vera
2317 4142 2525 4204 modo
2545 4138 2786 4214 velint,

535 4257 941 4303 concessum
989 4247 1096 4302 est
1146 4236 1308 4301 mihi
1354 4237 1734 4321 spiritualia
1779 4257 1964 4312 vera,
2019 4256 2197 4319 quae
2244 4246 2406 4300 sunt
2453 4235 2786 4301 ecclesiae

535 4343 606 4399 et
644 4333 839 4408 caeli,
880 4334 1091 4398 etiam
1132 4354 1251 4416 per
1286 4332 1655 4398 rationalia
1693 4330 2137 4411 confirmare3
2203 4333 2304 4397 ita
2348 4331 2438 4396 ob
2482 4351 2784 4407 causam,

537 4438 611 4493 ut
644 4429 841 4504 salsa,
882 4449 1055 4512 quae
1092 4429 1272 4510 apud
1314 4426 1541 4510 plures
1578 4426 2018 4491 occluserunt
2056 4427 2418 4503 rationale,
2460 4446 2582 4510 per
2617 4429 2783 4492 rati-

537 4524 766 4589 onalia
803 4525 1281 4598 discutiantur,
1316 4533 1388 4588 et
1424 4523 1521 4587 sic
1559 4523 1737 4588 forte
1775 4520 2203 4606 aliquantum
2242 4525 2585 4606 aperiatur
2621 4543 2783 4586 ocu·

536 4620 642 4684 lus
672 4641 689 4700 ;
739 4639 895 4683 nam
924 4617 1327 4684 confirmare
1352 4639 1516 4682 vera
1540 4617 1915 4700 spiritualia
1942 4638 2064 4701 per
2086 4619 2451 4682 rationalia
2469 4619 2786 4683 omnibus
