3371 5304
825 645 1139 697 CAELUM
1175 645 1261 696 m
1299 645 1602 698 MINORE
1639 645 1930 711 FORMA,
1970 649 2068 699 ET
2106 649 2187 700 IN
2226 649 2541 700 MINIMA.
2730 650 2807 718 35

579 817 877 902 aliquam
915 818 1329 882 societatem
1373 816 1570 894 caeli,
1610 818 1795 902 quod
1838 819 2074 883 veniat
2118 819 2187 884 in
2233 819 2541 900 caelum3
2608 829 2681 884 et
2726 820 2813 884 de

579 913 714 976 illis
759 913 872 996 qui
915 913 1030 989 ibi,
1069 914 1250 996 quod
1299 914 1436 977 sint
1489 914 1558 977 in
1617 913 1835 990 caelo,
1876 923 1948 978 et
1995 915 2274 998 quisque
2332 917 2401 978 in
2450 935 2610 979 suo:
2678 913 2813 979 hoc

581 1018 832 1071 norunt
868 1027 1110 1071 omnes
1146 1009 1260 1090 qui
1305 1010 1372 1072 in
1410 1008 1633 1073 altera
1668 1009 1859 1088 vita3
1908 1009 2065 1072 ideo
2100 1010 2213 1092 qui
2248 1019 2453 1074 extra
2489 1018 2609 1074 aut
2644 1008 2815 1072 infra

580 1103 847 1167 caelum
885 1112 1098 1177 stant,
1138 1114 1211 1168 et
1247 1101 1564 1186 spectant
1599 1125 1638 1168 e
1683 1103 2059 1187 longinquo
2096 1104 2209 1168 ubi
2245 1115 2487 1170 coetus
2524 1104 2815 1188 angelo·-

579 1216 726 1260 rum
763 1207 947 1274 sunt,
987 1198 1222 1263 dicant
1261 1199 1444 1281 quod
1482 1198 1749 1263 caelum
1795 1200 1886 1263 sit
1930 1200 2045 1274 ibi,
2086 1209 2159 1264 et
2205 1220 2477 1283 quoque
2521 1201 2633 1265 ibi.
2723 1199 2815 1266 Se

580 1291 792 1355 habet
839 1292 970 1356 hoc
1017 1294 1485 1376 comparative
1517 1293 1693 1357 sicut
1740 1311 1894 1357 curn
1932 1291 2313 1377 praesectis,
2354 1293 2697 1360 officiariis
2740 1306 2816 1361 et

580 1387 906 1451 ministris
963 1387 1032 1450 in
1091 1408 1228 1452 uno
1272 1388 1531 1470 palatio
1569 1389 1761 1470 regio
1798 1398 1917 1453 aut
1977 1390 2045 1452 in
2100 1409 2233 1452 una
2285 1389 2478 1468 aula;
2541 1393 2815 1456 tametsi

579 1481 898 1546 habitant
937 1484 1224 1548 seorsim
1263 1485 1330 1546 in
1368 1485 1506 1548 suis
1543 1483 2013 1547 mansionibus
2050 1483 2169 1547 aut
2207 1485 2275 1546 in
2314 1503 2439 1548 suo
2477 1484 2815 1562 conclavi,

580 1596 750 1640 unus
796 1597 1020 1660 supra,
1054 1579 1232 1642 alter
1275 1578 1467 1653 infra,
1501 1599 1713 1662 usque
1751 1589 1911 1642 sunt
1969 1580 2037 1642 in
2090 1598 2227 1643 uno
2272 1578 2533 1662 palatio
2578 1590 2697 1644 aut
2745 1579 2815 1644 in

581 1690 714 1735 una
748 1672 927 1748 aula,
969 1675 1250 1756 quisque
1285 1674 1375 1737 ibi
1414 1674 1480 1737 in
1513 1693 1635 1737 sua
1669 1671 2017 1739 functione
2053 1674 2139 1737 ad
2176 1674 2611 1738 serviendum
2647 1676 2813 1758 regi.

581 1766 752 1830 Inde
791 1776 988 1850 patet
1025 1768 1187 1850 quid
1224 1765 1637 1851 intelligitur
1673 1789 1796 1851 per
1833 1769 2112 1834 Domini
2146 1770 2357 1834 verba
2392 1769 2575 1852 quod

857 1901 925 1953 In
949 1903 1113 1952 domo
1141 1901 1318 1953 Patris
1341 1903 1425 1953 sui
1449 1903 1560 1954 sint
1579 1905 1899 1962 mansiones
1922 1904 2125 1954 multae
2147 1901 2297 1970 (Jole.
2320 1905 2428 1954 xiv.
2454 1903 2539 1966 2);

581 2045 654 2102 et
696 2037 856 2119 quid
904 2057 1023 2118 per
1063 2036 1514 2103 “habitacula
1549 2037 1783 2114 caeli,”
1814 2047 1887 2103 et
1933 2060 2055 2123 per
2094 2036 2381 2103 “caelos
2427 2037 2818 2104 caelorum”

583 2132 762 2215 apud
797 2130 1202 2212 Prophetas.

705 2239 842 2308 52.
904 2225 1107 2308 Quod
1155 2227 1576 2310 unaquaevis
1621 2227 1923 2292 societas
1966 2228 2057 2293 sit
2105 2227 2373 2293 caelum
2430 2227 2499 2292 in
2552 2227 2817 2292 minore

583 2321 820 2395 forma,
869 2324 1082 2387 etiam
1127 2332 1449 2386 constare
1495 2324 1721 2405 potuit
1776 2343 1868 2388 ex
1932 2343 2039 2398 eo,
2088 2323 2270 2406 quod
2318 2322 2557 2387 similis
2600 2321 2819 2386 forma

585 2416 908 2482 caelestis
945 2417 1038 2480 sit
1074 2417 1142 2480 in
1180 2417 1420 2500 quavis
1459 2418 1825 2492 societate,
1868 2417 2089 2500 qualis
2126 2427 2233 2482 est
2276 2419 2345 2481 in
2368 2427 2543 2481 'toto
2580 2416 2815 2480 caelo:

585 2513 652 2575 in
675 2521 828 2576 toto
848 2511 1045 2575 caelo
1069 2522 1229 2575 sunt
1255 2512 1322 2574 in
1350 2513 1581 2575 medio
1600 2512 1713 2594 qui
1740 2521 2100 2594 praestant
2120 2513 2413 2596 reliquis,
2434 2522 2505 2576 et
2528 2513 2819 2576 circum·

584 2607 762 2671 circa
807 2627 1019 2689 usque
1074 2607 1160 2672 ad
1217 2608 1550 2672 terminos
1585 2616 1745 2671 sunt
1808 2609 1874 2671 in
1936 2608 2174 2672 ordine
2218 2608 2661 2673 decrescente
2706 2607 2821 2691 qui

587 2703 807 2765 minus
832 2711 1210 2784 praestant,
1239 2712 1314 2766 ut
1339 2700 1595 2767 dictum
1621 2703 1936 2767 videatur
1958 2704 2026 2767 in
2051 2702 2337 2767 articulo
2364 2703 2821 2785 praecedente

590 2796 683 2878 (n.
708 2794 824 2879 43)
851 2818 866 2873 ;
906 2806 979 2860 et
1004 2817 1273 2880 quoque
1299 2818 1390 2861 ex
1415 2818 1520 2873 e0‚
1544 2798 1727 2880 quod
1757 2798 2093 2861 Dominus
2117 2798 2327 2861 ducat
2352 2816 2593 2869 omnes
2612 2798 2820 2881 quiin

585 2900 738 2956 toto
783 2890 982 2956 caelo
1025 2901 1356 2975 tanquam
1401 2902 1635 2957 essent
1685 2912 1859 2956 unus
1904 2891 2232 2975 angelus3
2300 2892 2614 2956 similiter
2662 2891 2821 2957 illos

585 2987 696 3069 qui
733 2987 800 3049 in
839 2988 1212 3071 unaquavis
1249 2988 1628 3052 societate:
1675 2987 1837 3051 inde
1875 2996 2161 3069 apparet
2197 2987 2605 3070 quandoque
2641 2987 2821 3050 inte-

586 3102 710 3165 gra
753 3084 1052 3146 societas
1098 3082 1414 3164 angelica
1457 3084 1635 3146 sicut
1679 3100 1886 3145 unum
1946 3082 2014 3144 in
2071 3081 2289 3145 forma
2332 3080 2587 3163 angeli,
2635 3080 2821 3163 quod

587 3179 796 3243 etiam
828 3177 992 3241 mihi
1029 3178 1268 3243 datum
1301 3187 1410 3242 est
1447 3198 1490 3241 a
1536 3178 1841 3242 Domino
1870 3177 2123 3241 videre.
2213 3175 2385 3240 Cum
2424 3178 2636 3240 etiam
2675 3174 2820 3239 Do-

589 3275 810 3337 minus
865 3282 1155 3355 apparet
1215 3274 1282 3336 in
1343 3272 1572 3336 medio
1626 3270 2053 3354 angelorum,
2111 3280 2274 3335 tunc
2334 3290 2473 3334 non
2532 3280 2823 3354 apparet

588 3368 1142 3448 circumstipatus
1166 3388 1208 3430 a
1245 3364 1570 3447 pluribus,
1605 3366 1727 3429 sed
1760 3375 1834 3429 ut
1868 3385 2040 3428 unus
2069 3366 2141 3427 in
2177 3364 2431 3428 Forma
2462 3363 2819 3445 angelica:

589 3463 748 3527 inde
806 3470 935 3536 est,
982 3462 1163 3544 quod
1214 3461 1548 3525 Dominus
1604 3461 1674 3524 in
1734 3459 1973 3524 Verbo
2019 3460 2283 3523 dicatur
2328 3458 2683 3540 Angelus3
2750 3466 2825 3523 et

588 3578 851 3640 quoque
875 3555 1059 3640 quod
1084 3558 1355 3638 integra
1378 3556 1717 3633 societas;
1758 3553 2080 3630 Michael,
2109 3554 2384 3618 Gabriel
2409 3563 2480 3618 et
2508 3550 2825 3635 Raphael

589 3670 726 3715 non
772 3660 931 3715 sunt
980 3651 1106 3714 nisi
1151 3668 1354 3732 quam
1401 3650 1774 3713 societates
1812 3649 2190 3731 angelicae,
2228 3668 2403 3731 quae
2448 3668 2490 3711 a
2533 3642 2823 3711 functio-

592 3746 784 3811 nibus
822 3746 960 3809 suis
997 3746 1095 3810 ita
1133 3740 1738 3808 nominantur.(d⁴d)

712 3856 854 3924 53.
913 3841 1106 3908 Sicut
1139 3842 1416 3924 integra
1439 3842 1740 3906 societas
1763 3849 1871 3906 est
1897 3837 2165 3905 caelum
2195 3838 2264 3904 in
2296 3839 2558 3903 minore
2583 3836 2822 3915 forma,

1383 4080 1462 4134 (ιιι
1485 4090 1678 4123 amm
1703 4080 2029 4131 m)

699 4188 876 4259 (ddd)
977 4187 1099 4242 uod
1139 4185 1434 4242 Dominus
1474 4184 1533 4239 in
1570 4184 1775 4240 Verbo
1805 4182 2043 4238 dicatur
2072 4180 2343 4253 Angelus
2378 4182 2458 4249 (n.
2483 4178 2643 4242 6280,
2667 4178 2827 4251 6831.

591 4259 654 4315 81
731 4300 748 4319 .
947 4298 962 4313 .

657 4273 1134 4457 peffgffintegra
1153 4326 1411 4382 societas
1429 4326 1701 4397 angelica
1720 4324 1956 4379 dicatur
1971 4339 2047 4378 an
2090 4321 2250 4385 elus:
2287 4332 2349 4376 et
2373 4322 2537 4393 quod
2566 4319 2830 4377 Michael

591 4413 656 4457 et
743 4436 746 4439 -
785 4399 962 4471 phael
986 4400 1110 4455 sint
1137 4398 1460 4453 societates
1489 4396 1792 4468 angelicae
1832 4411 1909 4451 ex
1944 4394 2050 4449 fun
2116 4393 2355 4449 ionibus
2381 4392 2468 4447 ita
2502 4390 2697 4448 dictae
2746 4388 2829 4460 (n.

593 4467 730 4541 8192
762 4511 774 4525 .

757 4540 878 4597 uod
903 4538 1226 4596 societates
1249 4537 1416 4600 caeli,
1441 4546 1504 4592 et
1529 4535 1723 4608 angeli
1750 4551 1871 4591 non
1899 4534 2142 4606 aliquod
2170 4549 2390 4589 nomen
2418 4532 2695 4596 habeant,
2722 4532 2830 4597 sed

591 4626 672 4684 qu
782 4611 1214 4684 dignoscantur
1235 4608 1490 4681 exquali
1515 4608 1678 4672 boni,
1700 4618 1767 4665 et
1788 4622 1865 4664 ex
1892 4606 2029 4663 idea
2050 4606 2129 4663 de
2152 4604 2258 4663 illo
2285 4606 2367 4675 (n.
2399 4616 2550 4675 1705,
2581 4602 2761 4675 1754).
