3371 5304
864 639 967 691 DE
1013 638 1571 691 FUNCTIONIBUS
1616 639 2098 693 ANGELORUM
2145 642 2226 692 IN
2274 641 2545 693 CAELO.
2723 647 2846 713 243

725 825 939 894 390·
998 812 1114 877 Ex
1160 812 1267 878 his
1303 812 1623 878 concludi
1660 822 1920 895 potest,
1961 813 2202 897 quales
2241 822 2403 879 sunt
2441 814 2845 881 subordina-

604 908 824 974 tiones
854 908 923 971 in
949 908 1158 973 caelis
1185 930 1203 988 ;
1251 908 1437 991 quod
1468 927 1718 991 nempe
1743 910 1922 973 sicut
1945 911 2231 993 quisque
2255 920 2468 987 amat,
2496 912 2846 989 aestimat,

602 1012 674 1067 et
734 1001 1032 1067 honorat
1078 1022 1295 1081 usum,
1337 1005 1435 1068 ita
1479 1023 1752 1087 quoque
1797 1014 2009 1080 amet,
2057 1006 2383 1069 aestimet
2429 1015 2502 1070 et
2546 1006 2847 1073 honoret

600 1118 963 1181 personam
1011 1098 1115 1161 cui
1176 1118 1333 1163 usus
1390 1098 1509 1162 ille
1568 1096 1930 1181 adjunctus
1989 1108 2133 1179 est;
2203 1110 2276 1163 et
2335 1119 2606 1183 quoque
2659 1102 2844 1184 quod

600 1212 893 1274 persona
923 1202 1193 1257 tantum
1227 1203 1515 1269 ametur,
1542 1195 1952 1258 aestimetur
1980 1204 2054 1259 et
2085 1196 2482 1270 honoretur,
2512 1208 2844 1278 quantum

602 1306 794 1350 usum
828 1306 965 1351 non
998 1287 1280 1352 addicat
1313 1288 1440 1351 sibi
1478 1287 1601 1351 sed
1640 1288 1988 1367 Domino;
2037 1297 2316 1354 tantum
2349 1291 2531 1353 enim
2569 1292 2845 1372 sapiens

600 1390 731 1459 est,
792 1392 865 1447 et
923 1392 1196 1446 tantum
1256 1402 1436 1458 usus,
1487 1403 1657 1465 quos
1720 1392 2050 1466 praestat,
2112 1403 2206 1447 ex
2265 1384 2450 1447 bono
2511 1396 2842 1467 praestat.

599 1476 843 1553 Amor,
878 1478 1269 1541 aestimatio
1306 1488 1378 1540 et
1424 1476 1645 1541 honor
1682 1478 2058 1560 spiritualis
2094 1498 2222 1543 nec
2269 1478 2451 1542 aliud
2491 1489 2598 1544 est
2637 1499 2843 1562 quam

598 1590 811 1646 amor,
846 1573 1245 1636 aestimatio
1277 1580 1349 1634 et
1382 1571 1605 1635 honor
1638 1592 1798 1635 usus
1836 1573 1904 1637 in
1937 1593 2272 1656 persona;
2321 1593 2399 1638 ac
2434 1573 2656 1638 honor
2687 1594 2842 1655 per·

598 1684 810 1730 sonae
840 1688 931 1730 ex
964 1687 1086 1730 usu
1118 1676 1189 1731 et
1231 1686 1367 1730 non
1400 1686 1563 1730 usus
1590 1687 1685 1730 ex
1719 1686 2033 1749 persona.
2123 1667 2258 1749 Qui
2289 1669 2500 1733 etiam
2527 1669 2843 1735 homines

598 1781 689 1824 ex
735 1760 1067 1843 spirituali
1112 1781 1276 1826 vero
1323 1759 1615 1844 spectat,
1657 1781 1784 1825 nec
1833 1762 2036 1826 aliter
2071 1762 2385 1844 spectat3
2446 1783 2604 1827 nam
2651 1766 2842 1829 videt

598 1876 805 1920 unum
849 1856 1199 1921 hominem
1246 1856 1541 1920 similem
1586 1856 1814 1932 alteri,
1865 1857 2008 1921 sive
2067 1858 2134 1920 in
2195 1877 2450 1940 magna
2495 1860 2840 1941 dignitate

597 1953 740 2015 sive
778 1952 844 2014 in
883 1971 1097 2034 parva
1134 1952 1245 2027 sit,
1284 1952 1408 2015 sed
1454 1950 1907 2017 differentiam
1943 1951 2168 2016 solum
2213 1954 2283 2016 in
2329 1954 2708 2037 sapientia;
2769 1964 2842 2019 et

597 2048 937 2128 sapientia
974 2056 1081 2111 est
1128 2067 1357 2111 amare
1395 2066 1611 2123 usum,
1652 2048 1754 2111 ita
1798 2048 2053 2110 bonum
2093 2049 2420 2122 conciviS,
2463 2051 2836 2125 societatiS,

596 2144 862 2224 patriae
926 2152 1000 2206 et
1065 2142 1421 2206 ecclesiae.
1511 2142 1591 2206 In
1656 2141 1790 2207 hoc
1859 2143 2072 2206 etiam
2125 2143 2446 2207 consistit
2511 2163 2706 2209 amor
2769 2146 2839 2209 in

598 2236 991 2313 Dominum,
1053 2238 1211 2320 quia
1268 2258 1309 2301 a
1375 2236 1677 2301 Domino
1735 2245 1846 2300 est
1904 2256 2110 2301 omne
2168 2238 2427 2301 bonum
2485 2239 2668 2322 quod
2729 2250 2838 2303 est

596 2332 849 2396 bonum
882 2352 1080 2411 usus3
1129 2341 1203 2395 et
1238 2352 1507 2414 quoque
1538 2351 1735 2395 amor
1765 2352 1932 2414 erga
1964 2333 2375 2413 proximum,
2413 2336 2568 2415 quia
2599 2336 2836 2416 proxi·

594 2444 743 2490 mus
774 2436 883 2491 est
908 2428 1165 2491 bonum
1190 2427 1371 2509 quod
1399 2427 1768 2490 amandum
1801 2427 1869 2490 in
1903 2428 2208 2503 concive,
2230 2429 2592 2505 societate,
2616 2430 2840 2511 patria

594 2532 664 2586 et
702 2522 1016 2598 ecclesia,
1057 2532 1128 2586 et
1167 2522 1349 2605 quod
1388 2524 1882 2604 praestandum
1920 2520 2148 2587 illis.(·¹)

717 2632 918 2702 391.
978 2616 1237 2682 Omnes
1264 2618 1638 2682 societates
1668 2619 1738 2681 in
1764 2618 1972 2683 caelis
1997 2615 2368 2682 distinctae
2398 2628 2557 2684 sunt
2591 2640 2834 2685 secun-

593 2714 754 2777 dum
808 2735 989 2790 usuS,
1030 2715 1353 2796 quoniam
1414 2712 1784 2778 distinctae
1843 2724 2007 2778 sunt
2066 2716 2442 2778 secundum
2480 2716 2682 2792 bona,
2728 2716 2836 2798 (ut

592 2829 817 2890 supra,
852 2828 917 2872 n.
954 2825 1060 2888 41,
1094 2830 1261 2892 seq„
1296 2807 1550 2872 dictum
1583 2808 1752 2892 est,)
1791 2819 1863 2873 et
1902 2810 2084 2873 bona
2115 2819 2274 2873 sunt
2314 2809 2496 2874 bona
2526 2809 2682 2876 aetu
2714 2832 2836 2876 seu

590 2904 773 2968 bona
808 2903 1185 2980 charitatiS,
1221 2925 1395 2987 quae
1433 2916 1593 2969 sunt
1631 2925 1809 2968 usus.
1899 2903 2074 2968 Sunt
2111 2906 2508 2982 societateS,
2550 2926 2832 2988 quarum

588 2997 975 3063 functiones
1012 3010 1173 3064 sunt
1210 3019 1441 3063 curam
1478 2999 1820 3064 infantum
1857 2999 2153 3079 habere;
2200 3009 2362 3064 sunt
2399 3001 2574 3064 aliae
2611 3004 2830 3066 socie-

590 3105 796 3172 tates,
831 3115 1117 3180 quarum
1147 3094 1532 3160 functiones
1563 3107 1724 3161 sunt
1757 3096 1915 3160 illos
1945 3097 2106 3160 dum
2139 3096 2547 3161 adolescunt
2581 3099 2832 3162 instru-

587 3210 702 3254 ere
748 3200 819 3254 et
866 3191 1201 3255 educare:
1250 3201 1409 3255 sunt
1459 3191 1657 3268 aliae,
1697 3212 1875 3275 quae
1919 3211 2167 3274 pueros
2212 3203 2284 3256 et
2331 3193 2616 3274 puellas,
2657 3215 2831 3277 quae

587 3285 810 3350 bonae
856 3285 1109 3350 indolis
1156 3308 1247 3351 ex
1292 3287 1706 3352 educatione
1766 3288 1832 3350 in
1896 3288 2153 3351 mundo
2205 3297 2390 3364 sunt,
2430 3299 2503 3352 et
2558 3289 2717 3352 inde
2761 3291 2830 3352 in

588 3381 853 3444 caelum
884 3383 1192 3457 veniunt,
1228 3381 1538 3446 similiter
1570 3382 1918 3446 instruunt
1950 3391 2023 3446 et
2054 3383 2390 3446 educant:
2440 3391 2598 3446 sunt
2628 3384 2828 3458 aliae,

586 3495 761 3558 quae
806 3475 1155 3557 simplices
1215 3475 1439 3540 bonos
1498 3497 1591 3540 ex
1650 3476 2048 3542 Christiano
2094 3476 2260 3542 orbe
2310 3478 2568 3541 docent
2625 3497 2705 3541 ac
2761 3479 2828 3541 in

1364 3673 1463 3728 [(ικ
1487 3684 1681 3716 Amas
1705 3674 2050 3728 mmmm->1

690 3775 779 3842 (u)
830 3771 1012 3846 Quod
1031 3790 1233 3830 amare
1257 3775 1595 3846 proximum
1622 3791 1744 3831 non
1765 3775 1846 3832 sit
1863 3791 2066 3833 amare
2089 3791 2424 3848 personam.
2439 3777 2546 3833 sed
2575 3775 2635 3832 id
2662 3778 2825 3850 quod

584 3854 678 3900 est
700 3846 862 3915 apud
896 3846 1063 3900 illum
1090 3862 1165 3901 ex
1190 3861 1313 3917 quo
1339 3845 1439 3900 ille
1466 3847 1549 3914 (n.
1581 3859 1734 3916 5025,
1767 3847 1980 3916 10336).

690 3914 809 3987 Qui
840 3926 1045 3970 amant
1083 3933 1421 3987 personam,
1451 3928 1514 3973 et
1546 3934 1667 3972 non
1699 3919 1862 3988 quod
1900 3927 1995 3972 est
2029 3917 2190 3988 apud
2231 3917 2396 3972 illum
2433 3933 2508 3972 ex
2544 3933 2668 3988 quo
2707 3917 2824 3981 ille,

582 3987 744 4056 quod
772 3997 977 4042 ament
1002 4003 1192 4058 aeque
1219 3988 1439 4042 malum
1467 4004 1537 4042 ac
1564 3989 1791 4043 bonum
1822 3991 1902 4057 (n.
1930 3988 2128 4057 3820):
2165 3998 2228 4043 et
2256 3989 2420 4058 quod
2451 3988 2827 4045 benefaciant

582 4072 773 4127 aeque
810 4059 985 4112 malis
1014 4074 1085 4112 ac
1116 4058 1307 4120 bonis,
1336 4075 1471 4113 cum
1511 4071 1718 4114 tamen
1758 4059 2108 4115 benefacere
2147 4059 2320 4114 malis
2357 4060 2438 4114 sit
2476 4061 2825 4116 malefacere

580 4127 773 4190 bonis,
798 4129 963 4198 quod
990 4145 1112 4184 non
1138 4141 1231 4184 est
1255 4146 1454 4184 amare
1482 4131 1818 4201 proximum
1840 4132 1922 4199 (n.
1951 4130 2108 4199 3820,
2132 4129 2288 4199 6703,
2310 4128 2492 4197 8120).

680 4199 878 4272 Judex
909 4201 1010 4272 qui
1087 4202 1219 4256 unit
1246 4201 1453 4262 malos,
1480 4212 1547 4256 ut
1576 4201 1991 4264 emendentur,
2017 4213 2080 4256 et
2117 4217 2192 4255 ne
2230 4200 2719 4256 contaminentur
2753 4217 2825 4258 ac

578 4269 894 4326 laedantur
917 4273 993 4327 ab
1020 4272 1037 4325 i
1064 4271 1137 4327 lis
1163 4273 1323 4336 boni.
1349 4273 1688 4344 proximum
1715 4283 1880 4328 amat
1907 4277 1987 4342 (n.
2013 4273 2170 4343 3820,
2195 4271 2352 4334 8120,
2381 4271 2564 4340 8121).

685 4339 865 4414 Quod
891 4345 1091 4400 omnis
1119 4345 1305 4402 homo
1332 4356 1398 4402 et
1426 4347 1702 4408 societas,
1730 4356 1856 4400 tum
1891 4345 2084 4417 patria
2111 4355 2174 4401 et
2202 4341 2471 4406 ecclesia,
2497 4357 2570 4398 ac
2599 4341 2660 4397 in
2691 4343 2826 4398 uni-

576 4413 793 4469 versali
832 4431 1012 4471 sensu
1052 4434 1081 4472 r
1159 4433 1300 4471 num
1343 4417 1608 4481 Domini,
1638 4419 1762 4473 sint
1800 4417 2142 4488 proximus:
2189 4426 2255 4471 et
2283 4416 2447 4488 quod
2487 4413 2604 4469 illis
2641 4415 2823 4470 bene·

577 4481 773 4540 facere
800 4503 874 4542 ex
898 4503 1104 4544 amore
1171 4489 1271 4543 oni
1292 4489 1623 4544 secundum
1650 4489 1828 4560 quale
1852 4498 2048 4544 status
2065 4503 2274 4543 eorum
2300 4487 2380 4542 sit
2403 4501 2604 4542 amare
2623 4485 2824 4557 proxi-

578 4571 777 4620 mum:
831 4557 917 4612 ita
952 4559 1179 4614 bonum
1219 4560 1475 4624 illorum,
1506 4560 1603 4615 cui
1640 4559 2078 4615 consulendum
2115 4568 2227 4621 est,
2256 4568 2354 4613 est
2389 4557 2698 4630 proxImus
2737 4559 2819 4624 (n.

576 4626 912 4696 6818-6824,
942 4627 1123 4700 8123).
