3371 5304
1195 664 1546 723 DOURUS
1591 669 1731 722 EST
1776 671 1971 724 DEUS
2014 669 2268 722 CAELI.
2780 677 2855 726 u

557 919 566 926 ἠ
610 837 920 923 magna*
949 838 1372 924 significatur
1404 841 1672 907 caelum
1699 841 1881 908 unde
1906 842 2231 908 Divinum
2256 841 2603 908 *mrumst-¹
2683 845 2857 912 Inde

609 944 933 1000 constare
971 946 1232 1018 potest,
1274 937 1458 1020 quod
1503 957 1626 1019 per
1668 935 1791 1001 illa
1826 939 2039 1002 verba
2076 937 2355 1003 Domini
2392 939 2853 1022 intelligatur,

607 1031 792 1116 quod
837 1032 908 1096 in
953 1030 1088 1096 fine
1123 1031 1482 1108 ecclesiae,
1521 1033 1799 1115 quando
1832 1033 2129 1115 amplius
2164 1053 2305 1100 non
2340 1055 2535 1100 amor
2576 1045 2651 1102 et
2696 1035 2857 1102 inde

606 1147 748 1192 non
791 1125 982 1202 fides,
1023 1126 1366 1190 Dominus
1407 1137 1772 1210 aperturus
1816 1128 1909 1192 sit
1956 1127 2263 1194 Verbum
2310 1131 2539 1212 quoad
2576 1149 2856 1194 sensum

604 1222 750 1304 ejus
793 1224 1168 1296 internum,
1206 1231 1278 1288 et
1323 1223 1510 1305 quod
1553 1223 1981 1288 revelaturus
2016 1243 2273 1288 arcana
2312 1225 2531 1288 caeli:
2580 1246 2853 1302 arcana,

609 1339 786 1402 quae
822 1319 892 1382 in
929 1337 1108 1384 nunc
1145 1318 1594 1400 sequentibus
1629 1317 2047 1396 revelantur,
2080 1329 2243 1384 sunt
2280 1319 2367 1384 de
2406 1319 2619 1386 Caelo
2656 1331 2731 1388 et
2768 1323 2867 1388 de.

607 1413 908 1488 Inferno,
947 1423 1022 1480 et
1065 1412 1266 1480 simul
1313 1413 1400 1478 de
1447 1413 1622 1480 Vita
1655 1413 1957 1478 hominis
2002 1425 2161 1496 post
2208 1425 2528 1482 mortem.
2619 1415 2855 1480 Homo

603 1508 944 1576 ecelesiae
985 1508 1194 1574 hodie
1237 1510 1356 1574 vix
1399 1508 1656 1592 aliquid
1696 1510 1891 1576 novit
1936 1509 2025 1574 de
2072 1509 2269 1576 caelo
2314 1519 2389 1576 et
2434 1510 2521 1574 de
2566 1509 2853 1584 inferno,

604 1622 732 1670 nec
789 1604 878 1668 de
943 1605 1088 1668 vita
1144 1623 1267 1669 sua
1319 1613 1478 1686 post
1539 1613 1859 1680 mortem,
1904 1605 2185 1670 tametsi
2228 1606 2462 1669 omnia
2504 1605 2855 1688 descripta

603 1709 896 1764 exstant
934 1699 1002 1764 in
1041 1698 1324 1776 Verbo;
1371 1699 1582 1763 immo
1613 1699 1829 1764 etiam
1864 1699 2087 1776 multi,
2118 1700 2232 1783 qui
2268 1701 2453 1766 intra
2486 1699 2851 1766 ecclesiam

605 1796 752 1859 nati
777 1803 960 1870 sunt,
989 1803 1252 1875 negant
1281 1793 1424 1869 illa,
1451 1793 1767 1858 dicentes
1790 1795 2001 1862 corde
2032 1815 2177 1869 suo,
2208 1801 2249 1828 ⁴⁴
2268 1793 2441 1876 Quis
2473 1795 2633 1860 inde
2662 1796 2852 1858 venit

603 1899 680 1956 et
725 1889 1030 1954 narravit
1049 1888 1109 1954 ?’'
1197 1887 1306 1952 Ne
1349 1889 1584 1971 itaque
1630 1888 1777 1954 tale
1820 1891 2247 1971 negativum,
2294 1888 2477 1972 quod
2523 1889 2853 1971 imprimis

603 1994 852 2066 regnat
889 1985 1072 2066 apud
1109 1983 1268 2048 illos
1303 1984 1418 2066 qui
1463 1984 1687 2048 multa
1728 2005 1769 2048 e
1812 1983 2071 2050 mundo
2106 1984 2406 2068 sapiunt,
2448 1984 2659 2048 etiam
2700 1983 2851 2048 infi-

603 2081 748 2144 ciat
777 2090 850 2143 et
887 2089 1282 2162 corrumpat
1313 2079 1660 2161 simplices
1690 2079 1901 2144 corde
1930 2088 2005 2143 et
2042 2079 2392 2161 simplices
2422 2077 2578 2152 fide,
2612 2079 2853 2144 datum

604 2184 716 2239 est
773 2173 940 2240 mihi
997 2193 1132 2238 una
1188 2193 1342 2238 esse
1400 2191 1558 2238 curn
1599 2173 1891 2255 angelis.
1938 2183 2015 2240 et
2072 2173 2259 2256 loqui
2302 2172 2631 2238 cumillis
2674 2174 2854 2240 sicut

603 2271 815 2336 homo
854 2287 1010 2334 cum
1047 2267 1348 2344 homine,
1385 2277 1458 2334 et
1500 2289 1771 2351 quoque
1808 2268 2044 2334 videre
2084 2288 2259 2351 qnae
2304 2268 2375 2334 in
2418 2265 2653 2344 caelis,
2702 2277 2853 2334 tum

605 2382 780 2448 quae
823 2364 892 2427 in
930 2363 1230 2438 infernis,
1261 2371 1338 2428 et
1373 2362 1506 2428 hoc
1545 2383 1666 2445 per
1702 2363 2035 2428 tredecim
2068 2381 2331 2442 annos;
2378 2363 2479 2429 ita
2514 2381 2695 2428 nunc
2732 2361 2853 2426 illa

605 2479 698 2524 ex
745 2457 934 2522 Visis
977 2467 1050 2522 et
1097 2457 1376 2522 Auditis
1419 2457 1850 2535 describere3
1910 2477 2200 2544 sperans
2242 2457 2339 2522 sic
2387 2457 2851 2538 ignorantiam

604 2553 950 2627 illustrari,
990 2562 1065 2618 et
1101 2551 1658 2618 incredulitatem
1692 2552 2030 2635 dissipari.
2120 2549 2329 2633 Quod
2364 2551 2570 2616 hodie
2608 2551 2851 2616 imme-

606 2647 800 2713 diata
855 2646 1017 2713 talis
1073 2645 1412 2713 revelatio
1463 2647 1755 2722 existat,
1804 2656 1915 2713 est
1972 2645 2133 2730 quia
2175 2644 2297 2711 illa
2354 2656 2463 2711 est
2509 2666 2684 2731 quae
2730 2666 2851 2729 per

606 2743 982 2812 adventum
1017 2742 1298 2809 Domini
1333 2741 1769 2824 intelligitur.

1673 3256 1793 3345 [1·]

1047 3442 1276 3531 Quon
1320 3442 1680 3510 Domnus
1728 3456 1846 3509 sn·
1892 3442 2101 3509 Deus
2146 3442 2409 3509 CAm.

734 3642 815 3696 ο.
873 3628 1170 3693 Primum
1209 3628 1338 3692 erit
1377 3628 1552 3692 scire
1587 3628 1737 3711 quis
1776 3627 1965 3691 Deus
2000 3626 2175 3691 caeli
2215 3635 2346 3703 est,
2386 3627 2708 3711 quoniam
2744 3648 2851 3693 re·

610 3722 796 3806 liqua
830 3722 992 3787 inde
1027 3723 1354 3805 pendent.
1445 3722 1526 3787 In
1563 3724 1883 3786 universo
1918 3721 2117 3787 caelo
2153 3740 2292 3786 non
2329 3721 2502 3785 alius
2532 3722 2853 3803 agnosci-

611 3828 724 3882 tur
767 3837 893 3900 pro
940 3816 1092 3881 Deo
1129 3817 1304 3882 caeli
1340 3836 1546 3901 quam
1583 3818 1773 3881 solus
1811 3816 2190 3897 Dominus;
2250 3816 2493 3881 dicunt
2538 3816 2631 3881 ibi
2676 3817 2863 3880 sicut·

613 3912 772 3994 Ipse
807 3912 1066 3986 docuit,

711 4058 873 4124 Quod
901 4073 1041 4111 unus
1069 4060 1142 4111 sit
1175 4074 1298 4109 cum
1328 4058 1524 4117 Patre:
1569 4060 1714 4125 quod
1746 4060 1907 4110 Pater
1940 4060 1995 4109 in
2034 4056 2180 4123 Ipso,
2208 4068 2265 4109 et
2301 4056 2427 4123 lpse
2462 4058 2520 4109 in
2560 4056 2755 4118 Patre3
2798 4067 2857 4107 et

617 4304 678 4364 in
714 4305 900 4366 caelo,
922 4314 986 4361 et
1021 4304 1197 4377 quale
1226 4313 1322 4361 est
1371 4304 1430 4359 in
1455 4320 1648 4361 sensu
1688 4303 1927 4359 interno
1952 4302 2136 4359 Verbi
2164 4304 2247 4375 (n.
2272 4302 2431 4375 4809,
2459 4301 2671 4375 ¹²‚15292
2701 4314 2855 4375 59²²·

617 4371 776 4443 8267
799 4374 956 4443 8427
976 4390 1134 4447 9429
1159 4378 1374 4447 ι0574)

727 4490 832 4557 (ne)
871 4484 1096 4561 Quod
1099 4488 1326 4543 ‘”tuba
1361 4497 1522 4545 neu·
1525 4487 1862 4545 ‘''buccina
1886 4488 2021 4560 sign
2024 4486 2187 4545 ifioet
2225 4486 2511 4545 Divinum
2547 4502 2754 4543 verum
2794 4486 2857 4541 in

617 4561 803 4621 eaelo.
829 4570 892 4615 et
926 4574 962 4615 e
999 4560 1170 4615 caelo
1189 4558 1522 4615 revelatum
1549 4562 1630 4627 (n.
1655 4559 1755 4614 881
1846 4502 2453 4632 882315);[qu0d
2482 4558 2623 4629 hoc]
2648 4556 2859 4615 simili-

617 4638 710 4687 ter
735 4630 1150 4703 [significetur]
1177 4638 1322 4703 per·
1327 4630 1602 4687 ‘vocem'
1607 4630 1732 4700 '.(n
1756 4558 2128 4701 &71Q9283.
