3371 5304
561 609 689 689 256
1188 616 1317 669 DE
1361 614 1614 668 GAELO
1660 614 1758 665 ΕΤ
1803 611 2166 665 INFERNO.

557 793 862 857 feruntur
898 788 1189 874 primum
1225 787 1314 855 ad
1353 788 1798 872 paradisiaca,
1837 806 2010 871 quae
2048 804 2325 851 omnem
2361 784 2801 867 imaginatio·

560 892 665 955 nis
707 890 935 954 ideam
973 888 1365 953 excedunt:
1422 897 1588 951 tunc
1634 885 1945 949 arbitrati
1988 886 2258 948 venisse
2299 884 2369 947 in
2415 883 2800 965 paradisum

560 986 959 1064 caelestem,
1000 986 1121 1051 sed
1184 987 1525 1049 docentur
1569 984 1752 1068 quod
1813 983 1882 1046 id
1942 1003 2081 1045 non
2139 982 2230 1047 sit
2288 981 2586 1045 felicitas
2642 1002 2802 1045 vere

560 1085 929 1163 caelestis;
997 1104 1207 1168 quare
1272 1083 1475 1147 datur
1535 1082 1617 1145 iis
1674 1100 2101 1163 cognoscere
2158 1089 2387 1144 status
2443 1080 2800 1144 interiores

558 1184 793 1265 gaudii
836 1182 925 1246 ad
970 1183 1284 1245 intimum
1330 1198 1569 1244 eorum
1612 1178 2133 1261 perceptibiles:
2203 1178 2362 1241 dein
2407 1176 2800 1241 auferuntur

560 1282 629 1343 in
676 1289 933 1343 statum
980 1280 1171 1362 pacis
1215 1298 1427 1361 usque
1472 1276 1561 1339 ad
1621 1277 1938 1340 intimum
1983 1294 2240 1351 eorum,
2289 1276 2596 1339 fatentes
2638 1284 2802 1339 tunc

558 1377 743 1461 quod
790 1377 956 1441 nihil
1015 1376 1157 1458 ejus
1202 1394 1491 1459 usquam
1535 1373 1989 1455 expressibile
2047 1374 2160 1448 sit,
2201 1392 2328 1435 nec
2387 1371 2801 1455 cogitabile:

559 1476 853 1557 denique
918 1476 987 1537 in
1046 1483 1305 1538 statum
1354 1471 1815 1547 innocentiae,
1871 1472 2084 1537 etiam
2131 1491 2345 1553 usque
2390 1470 2479 1533 ad
2526 1490 2801 1533 sensum

560 1592 797 1637 eorum
843 1573 1181 1636 intimum.
1272 1570 1443 1635 Inde
1489 1589 1696 1633 nosse
1741 1570 1824 1633 iis
1869 1569 2090 1645 datur,
2130 1569 2290 1652 quid
2337 1588 2499 1633 vere
2545 1569 2800 1633 bonum

560 1670 913 1753 spirituale
951 1678 1024 1733 et
1058 1668 1383 1733 caeleste.

682 1782 881 1851 413.
938 1766 1075 1831 Sed
1124 1775 1199 1830 ut
1245 1768 1417 1829 scire
1463 1782 1764 1847 possem,
1805 1765 1964 1847 quid
2023 1773 2098 1829 et
2155 1762 2358 1847 quale
2401 1762 2671 1828 caelum
2729 1772 2803 1827 et

560 1866 867 1929 caeleste
904 1864 1249 1947 gaudium,
1284 1883 1489 1945 saepe
1525 1872 1599 1927 et
1636 1863 1752 1926 diu
1795 1883 1840 1925 a
1875 1862 2178 1927 Domino
2213 1863 2454 1927 datum
2489 1872 2602 1926 est
2647 1882 2802 1943 per-

559 1963 785 2045 cipere
814 1962 1281 2043 jucunditates
1317 1961 1726 2043 gaudiorum
1763 1960 2211 2038 caelestium3
2257 1979 2489 2042 quare,
2521 1959 2680 2041 quia
2714 1960 2803 2023 ab

559 2061 1213 2141 experientia-viva,
1255 2077 1535 2141 possum
1582 2060 1778 2133 scire,
1819 2058 1940 2121 sed
1989 2076 2320 2139 nusquam
2367 2057 2798 2121 describere:

558 2166 669 2221 ast
715 2167 791 2221 ut
836 2158 1058 2221 solum
1103 2158 1259 2220 idea
1302 2174 1538 2221 eorum
1585 2155 1944 2229 habeatur,
1993 2155 2246 2237 aliquid
2292 2156 2580 2219 dicetur.
2669 2154 2802 2219 Est

558 2253 827 2319 affectio
858 2253 1363 2336 jucunditatum
1402 2263 1475 2317 et
1521 2253 1928 2335 gaudiorum
1967 2250 2586 2329 innumerabilium,
2627 2274 2802 2335 quae

558 2372 924 2417 commune
956 2352 1303 2434 quoddam
1336 2351 1536 2415 simul
1576 2353 1856 2426 sistunt,
1891 2350 1958 2413 in
1997 2370 2134 2433 quo
2169 2352 2544 2425 communi,
2576 2370 2698 2415 seu
2734 2353 2800 2413 in

556 2468 691 2531 qua
729 2448 1074 2511 communi
1110 2443 1490 2521 asseclione,
1530 2456 1694 2509 sunt
1731 2446 2328 2509 innumerabilium
2365 2444 2800 2510 affectionum

556 2545 976 2617 harmoniae,
1026 2565 1201 2626 quae
1247 2541 1573 2607 distincte
1621 2563 1759 2606 non
1806 2544 2214 2625 perveniunt
2259 2544 2348 2605 ad
2409 2545 2798 2626 perceptio·

557 2661 737 2717 nem,
788 2643 909 2708 sed
965 2642 1276 2717 obscure,
1323 2642 1478 2724 quia
1524 2642 2084 2706 communissima
2129 2642 2522 2723 percepti03
2589 2661 2802 2724 usque

558 2743 909 2824 percipere
968 2741 1207 2804 datum
1282 2751 1413 2815 est,
1470 2739 1651 2822 quod
1726 2739 2247 2803 innumerabilia
2310 2742 2643 2816 inessent,
2705 2741 2802 2804 ita

556 2839 875 2902 ordinata
910 2847 985 2901 ut
1024 2837 1315 2901 describi
1356 2856 1687 2919 nusquam
1726 2839 2032 2920 possint;
2099 2837 2620 2902 innumerabilia
2657 2837 2798 2912 illa,

556 2936 804 3020 qualia,
840 2957 932 2998 ex
964 2935 1137 2998 caeli
1161 2937 1402 2999 ordine
1434 2934 1670 2998 fluunt.
1761 2934 1952 2998 Talis
1984 2936 2154 2998 ordo
2185 2944 2293 2999 est
2323 2936 2390 2999 in
2425 2933 2800 3000 affectionis

558 3033 843 3114 singulis
880 3041 952 3096 et
992 3033 1309 3107 minimiS,
1350 3053 1523 3114 quae
1562 3032 1772 3096 modo
1810 3043 1884 3095 ut
1923 3034 2552 3097 communissimum
2593 3053 2796 3098 unum

556 3133 890 3194 sistuntur
934 3139 1007 3194 et
1056 3131 1521 3212 percipiuntur
1566 3130 1942 3194 secundum
1989 3131 2451 3213 capacitatem
2499 3132 2643 3212 ejus
2686 3135 2798 3216 qui

558 3225 975 3307 subjeetum:
1040 3228 1272 3302 verbo,
1321 3227 1589 3293 infinita
1631 3229 1700 3290 in
1747 3229 2262 3293 ordinatissima
2305 3229 2524 3292 forma
2566 3230 2800 3294 insunt

556 3327 767 3388 cuivis
814 3326 1179 3400 communi,
1228 3335 1302 3388 et
1358 3325 1527 3389 nihil
1574 3346 1713 3388 non
1758 3326 1951 3402 vivit,
1993 3335 2066 3391 et
2125 3325 2358 3402 afficit,
2407 3336 2478 3390 et
2523 3328 2800 3410 quidem

520 3457 525 3462 ·
558 3423 789 3486 omnia
825 3423 915 3486 ab
950 3423 1231 3497 intimis»,
1275 3441 1433 3486 nam
1472 3423 1724 3505 gaudia
1759 3423 2090 3488 caelestia
2133 3425 2222 3488 ab
2257 3425 2520 3488 intimis
2559 3446 2796 3506 proce-

558 3521 754 3585 dunt.
866 3519 1275 3600 Perceptum
1340 3541 1631 3603 quoque,
1701 3521 1886 3604 quod
1951 3522 2272 3604 gaudium
2340 3532 2412 3586 et
2480 3523 2798 3587 delicium

558 3619 732 3683 sicut
776 3639 816 3682 a
862 3617 1071 3680 corde
1111 3618 1397 3693 veniret,
1433 3638 1506 3681 se
1552 3617 1938 3684 diffundens
1969 3619 2370 3684 mollissime
2408 3640 2530 3703 per
2559 3641 2800 3685 omnes

556 3716 761 3780 fibras
820 3716 1122 3790 intimaS,
1183 3725 1257 3779 et
1324 3717 1485 3780 inde
1542 3718 1609 3780 in
1672 3717 1877 3781 fibras
1923 3729 2410 3800 congregataS,
2459 3738 2614 3783 cum
2672 3721 2798 3783 tali

550 3813 1005 3894 jucunditatis
1040 3814 1284 3877 intimo
1316 3833 1523 3878 sensu
1569 3825 1648 3878 ut
1695 3815 1862 3880 fibra
1898 3817 1988 3880 sit
2024 3819 2220 3899 quasi
2259 3817 2424 3880 nihil
2463 3818 2592 3880 nisi
2627 3837 2796 3899 gau-

555 3912 740 3974 dium
774 3919 847 3973 et
879 3910 1221 3987 delicium,
1258 3921 1329 3975 et
1362 3931 1565 3976 omne
1597 3915 2065 3995 perceptivum
2101 3925 2173 3978 et
2205 3916 2606 3978 sensitivam
2639 3915 2800 3979 inde

556 4008 891 4083 similiter,
932 4009 1171 4071 vivens
1218 4029 1309 4072 ex
1356 4008 1724 4074 felicitate:
1787 4011 2227 4093 voluptatum
2273 4015 2580 4095 corporis
2627 4033 2796 4095 gau-

557 4107 765 4182 dium,
805 4105 893 4169 ad
931 4104 1051 4168 illa
1088 4107 1363 4187 gaudia,
1398 4117 1506 4171 est
1544 4109 1723 4172 sicut
1757 4129 2022 4172 crassus
2059 4121 2132 4175 et
2172 4131 2486 4195 pungens
2519 4131 2799 4193 grumus

556 4201 937 4287 respective
982 4204 1069 4283 ad
1118 4223 1355 4286 puram
1402 4215 1474 4268 et
1522 4205 1942 4272 lenissimam
1988 4227 2242 4272 auram.
2333 4208 2795 4272 Observatum

556 4311 685 4377 est,
722 4302 907 4384 quod
944 4321 1099 4368 cum
1136 4321 1341 4366 omne
1374 4321 1599 4367 meum
1626 4303 1996 4386 jucundum
2029 4307 2282 4373 vellem
2321 4307 2690 4372 transferre
2729 4308 2794 4370 in

556 4400 872 4475 alterum,
912 4399 1223 4464 influeret
1263 4401 1588 4466 continue
1617 4401 1985 4484 jucundum
2025 4404 2183 4469 loco
2219 4405 2360 4487 ejus
2398 4407 2681 4469 interius
2725 4415 2797 4470 et

558 4497 819 4579 plenius
852 4517 1055 4580 quam
1088 4500 1309 4580 prius;
1358 4509 1427 4563 et
1466 4502 1647 4582 quod
1680 4510 2012 4583 quantum
2053 4502 2181 4566 hoc
2215 4504 2488 4579 vellem,
2523 4512 2792 4569 tantum

558 4593 908 4674 influeret3
956 4606 1027 4659 et
1070 4608 1469 4679 perceptum
1512 4609 1639 4662 est.
1683 4599 1866 4682 quod
1906 4599 2036 4663 hoc
2075 4621 2116 4664 a
2157 4601 2476 4666 Domino.
