3371 5304
585 584 673 648 66
1127 571 1136 580 ’
1243 597 1345 648 DE
1384 595 1640 648 cAELO
1679 597 1775 647 ET
1812 595 2178 648 INFERNo.

586 767 900 833 volatilia
923 768 1098 832 caeli
1129 788 1290 832 suos
1313 768 1528 844 cibos,
1555 769 1799 851 quibus
1824 768 2234 844 nutriantur,
2262 787 2400 832 non
2431 767 2656 834 solum
2678 769 2825 854 qui-

588 882 747 928 nam
785 873 968 938 sunt,
1008 864 1130 928 sed
1177 865 1384 928 etiam
1439 863 1759 941 ubinam;
1820 864 2047 928 sciunt
2086 864 2381 928 condere
2427 866 2558 929 sibi
2602 867 2823 944 nidos,

587 976 793 1022 unum
831 975 1050 1040 genus
1086 957 1292 1022 aliter
1326 977 1530 1040 quam
1569 957 1887 1031 alterurn,
1916 977 2170 1039 ponere
2202 957 2295 1022 ibi
2324 977 2479 1033 ova,
2506 959 2825 1024 incubare

587 1051 742 1128 illis,
778 1052 1152 1117 excludere
1187 1071 1348 1116 suos
1385 1051 1634 1134 pullos,
1675 1062 1747 1116 et
1787 1051 1995 1128 alere,
2025 1071 2103 1116 ac
2142 1052 2387 1133 ejicere
2423 1054 2635 1118 domo
2672 1075 2825 1119 cum

586 1146 689 1209 sui
717 1143 884 1227 juris
919 1167 1070 1210 esse
1107 1156 1396 1229 possunt
1425 1167 1442 1224 3
1487 1148 1715 1211 sciunt
1750 1147 1963 1210 etiam
1990 1167 2151 1210 suos
2177 1146 2418 1211 hostes
2449 1169 2623 1231 quos
2651 1149 2823 1230 fugi·

585 1247 728 1314 ant,
769 1250 842 1304 et
880 1261 1040 1304 suos
1073 1241 1334 1305 amicos
1370 1242 1612 1323 quibus
1652 1241 2160 1317 consocientur,
2200 1250 2271 1306 et
2306 1241 2475 1306 haec
2524 1263 2566 1306 a
2609 1244 2827 1325 prima

585 1333 912 1398 infantia:
962 1345 1038 1400 ut
1074 1345 1348 1400 taceam
1388 1335 1725 1400 mirabilia
1760 1337 1831 1400 in
1868 1337 2033 1418 ipsis
2070 1337 2241 1413 ovis,
2283 1337 2398 1402 ubi
2434 1339 2667 1402 omnia
2702 1358 2826 1421 pro

587 1427 1002 1493 formatione
1038 1440 1111 1495 et
1150 1431 1527 1495 nutritione
1564 1430 1959 1494 inchoantis
1996 1430 2165 1513 pulli
2202 1441 2445 1513 parata
2471 1431 2711 1514 jacent
2757 1434 2823 1497 in

587 1543 712 1586 suo
735 1523 1010 1588 ordine:
1051 1536 1321 1606 praeter
1336 1525 1856 1589 innumerabilia
1874 1525 2029 1588 alia.
2112 1523 2283 1607 Quis
2302 1543 2587 1609 usquam
2604 1524 2822 1590 distu-

585 1637 696 1680 rus
727 1631 856 1694 est,
892 1620 1004 1701 qui
1041 1639 1133 1682 ex
1171 1618 1401 1702 aliqua
1429 1619 1717 1682 rationis
1749 1620 2091 1701 sapientia
2119 1621 2409 1701 cogitat,
2435 1620 2620 1703 quod
2652 1619 2823 1686 haec

585 1711 862 1776 aliunde
899 1715 1037 1777 sint
1074 1733 1280 1796 quam
1317 1733 1412 1776 ex
1456 1713 1794 1795 spirituali
1831 1714 2112 1788 mundo,
2154 1715 2262 1777 cui
2297 1715 2583 1779 inservit
2626 1725 2824 1778 natu·—

585 1806 746 1871 ralis
772 1827 893 1889 pro
925 1808 1314 1871 amiciendo
1343 1807 1433 1882 id,
1461 1807 1646 1890 quod
1679 1808 1839 1871 inde
1872 1818 2002 1883 est,
2030 1827 2339 1891 corpore,
2366 1829 2484 1872 seu
2516 1810 2827 1875 sistendo

586 1902 654 1965 in
686 1899 930 1966 effectu
967 1902 1035 1965 id
1073 1903 1255 1985 quod
1289 1902 1642 1984 spirituale
1674 1911 1783 1966 est
1820 1903 1886 1966 in
1925 1903 2178 1967 causa?
2267 1901 2470 1985 Quod
2504 1905 2827 1968 animalia

587 1995 872 2072 telluris,
914 2007 986 2061 et
1032 1996 1347 2062 volatilia
1383 1997 1580 2072 caeli,
1621 2007 1991 2062 nascantur
2036 1999 2103 2062 in
2150 2017 2427 2062 omnem
2464 1998 2655 2062 illam
2691 2001 2823 2063 sci-

586 2093 869 2166 entiam,
917 2103 990 2156 et
1051 2112 1188 2157 non
1247 2093 1479 2168 homo,
1519 2093 1632 2174 qui
1690 2102 1927 2156 tamen
1985 2093 2123 2157 illis
2180 2095 2647 2176 praestantior
2690 2105 2823 2170 est,

589 2206 796 2251 causa
853 2197 982 2262 est,
1032 2187 1188 2270 quia
1231 2187 1555 2250 animalia
1613 2188 1681 2250 in
1740 2188 1978 2252 ordine
2022 2188 2209 2251 vitae
2254 2209 2419 2253 suae
2464 2197 2648 2264 sunt,
2696 2207 2825 2254 nec

585 2289 950 2364 potuerunt
985 2281 1052 2344 id
1088 2281 1271 2364 quod
1310 2281 1376 2344 in
1412 2281 1546 2345 illis
1582 2303 1674 2345 ex
1714 2281 2050 2364 spirituali
2088 2283 2345 2346 mundo
2379 2292 2508 2359 est,
2548 2284 2823 2348 destru-

587 2395 722 2450 ere,
751 2376 1070 2458 quoniam
1103 2374 1236 2438 illis
1269 2394 1407 2438 non
1440 2375 1775 2440 rationale
1804 2395 1819 2439 :
1868 2376 2069 2440 aliter
2098 2376 2329 2451 home,
2365 2378 2475 2460 qui
2508 2397 2601 2440 ex
2631 2378 2825 2458 spiri·

584 2471 755 2534 tuali
781 2471 1037 2534 mundo
1063 2471 1329 2551 cogitat
1355 2492 1370 2547 ;
1417 2471 1474 2534 is
1506 2471 1662 2553 quia
1692 2471 1760 2532 id
1792 2471 1973 2552 apud
2006 2491 2079 2534 se
2106 2473 2436 2554 pervertit
2462 2491 2585 2554 per
2606 2473 2825 2536 vitam

586 2575 830 2630 contra
884 2564 1215 2640 ordinem,
1263 2566 1370 2628 cui
1422 2565 1610 2629 favet
1665 2564 2027 2641 rationale,
2068 2566 2224 2630 ideo
2278 2567 2335 2630 is
2394 2585 2533 2631 non
2588 2576 2824 2649 potest

584 2661 787 2725 aliter
811 2680 1015 2745 quam
1047 2663 1113 2723 in
1147 2680 1407 2725 meram
1433 2662 1897 2742 ignorantiam
1923 2661 2132 2737 nasci,
2160 2671 2232 2725 et
2266 2662 2423 2725 dein
2448 2682 2570 2745 per
2599 2663 2827 2728 media

587 2755 835 2819 Divina
872 2756 939 2819 in
977 2756 1288 2819 ordinem
1325 2754 1500 2819 caeli
1537 2756 1789 2820 reduci.

712 2863 917 2931 109.
978 2848 1348 2931 Quomodo
1383 2849 1504 2913 illa
1550 2870 1725 2933 quae
1771 2852 1837 2914 in
1901 2848 2281 2933 Vegetabili
2316 2850 2549 2933 Regno
2592 2872 2821 2918 corre·

587 2945 956 3029 spondent,
997 2955 1318 3009 constare
1355 2954 1593 3028 potest
1632 2966 1673 3009 a
1709 2946 1986 3009 multis:
2050 2955 2125 3011 ut
2164 2947 2347 3028 quod
2384 2946 2721 3011 seminula
2754 2948 2825 3011 in

584 3040 864 3104 arbores
923 3049 1261 3115 crescant,
1322 3039 1486 3104 solia
1543 3040 1949 3117 excludant,
2012 3039 2214 3106 flores
2280 3042 2689 3124 producant,
2748 3050 2825 3106 et

585 3136 742 3199 dein
795 3132 1068 3210 fructus,
1107 3136 1176 3199 in
1231 3135 1471 3219 quibus
1523 3136 1773 3200 iterum
1828 3136 2092 3199 semina
2146 3145 2452 3218 ponunt;
2514 3146 2588 3200 et
2639 3137 2825 3220 quod

585 3231 754 3294 haec
795 3228 962 3293 fiant
999 3230 1386 3295 successive
1424 3240 1495 3294 et
1533 3232 1849 3295 existant
1889 3230 2089 3294 simul
2128 3230 2196 3293 in
2234 3239 2382 3295 tam
2420 3230 2828 3295 admirando

585 3324 846 3400 ordine,
905 3336 979 3390 ut
1041 3346 1180 3389 non
1241 3327 1462 3408 possit
1516 3328 1750 3408 paucis
1804 3326 2139 3404 describi;
2199 3324 2549 3390 volumina
2602 3334 2822 3401 erunt,

584 3430 657 3485 et
696 3428 930 3484 tamen
969 3439 1181 3505 usque
1212 3422 1843 3496 interiora-arcana,
1876 3439 2051 3503 quae
2090 3421 2319 3484 usibus
2355 3420 2627 3484 illorum
2664 3440 2823 3503 pro-

584 3516 774 3598 piora
812 3526 996 3592 sunt,
1038 3536 1174 3581 non
1213 3515 1561 3580 exhauriri
1595 3517 1887 3579 scientia
1922 3525 2229 3599 possunt.
2319 3513 2666 3598 Quoniam
2702 3516 2825 3581 illa

582 3631 853 3694 quoque
892 3631 986 3675 ex
1022 3611 1356 3694 spirituali
1388 3611 1646 3675 mundo
1683 3620 1845 3675 sunt
1882 3632 2003 3675 seu
2034 3611 2253 3687 caele,
2282 3611 2463 3694 quod
2503 3613 2569 3675 in
2608 3611 2827 3675 forma

583 3706 878 3771 hominis
923 3716 1054 3781 est,
1103 3716 1179 3771 ut
1224 3726 1428 3789 supra
1471 3707 1542 3769 in
1588 3727 1712 3770 suo
1758 3705 2049 3770 articulo
2096 3716 2449 3771 ostensum
2497 3715 2625 3782 est,
2666 3708 2825 3770 inde

585 3803 798 3865 etiam
844 3801 1117 3884 singula
1161 3802 1228 3864 in
1273 3801 1396 3865 illo
1438 3820 1680 3883 regno,
1722 3801 2066 3885 quandam
2105 3800 2513 3866 relationem
2560 3800 2823 3865 habent

583 3896 670 3961 ad
724 3896 897 3961 talia
936 3917 1110 3980 quae
1149 3897 1328 3979 apud
1383 3895 1772 3973 hominem;
1826 3896 2009 3978 quod
2056 3898 2265 3961 etiam
2304 3896 2707 3981 quibusdam
2753 3895 2823 3959 in

583 3992 748 4055 orbe
786 3993 1058 4056 erudito
1097 4001 1340 4056 notum
1378 4000 1508 4056 est.
1601 3989 1808 4073 Quod
1846 3992 2077 4055 omnia
2112 4012 2287 4075 quae
2330 3992 2401 4055 in
2444 3989 2567 4054 illo
2602 4010 2823 4073 regno

581 4087 790 4151 etiam
823 4085 1476 4171 correspondentiae
1509 4085 1669 4163 sint,
1706 4086 1931 4168 patuit
1965 4085 2129 4148 mihi
2166 4106 2258 4149 ex
2297 4085 2517 4149 multa
2548 4084 2821 4167 experi-

582 4182 808 4246 entia:
859 4181 1132 4263 saepius
1165 4182 1348 4245 enim
1381 4200 1534 4246 cum
1573 4180 1642 4243 in
1679 4178 1900 4245 hortis
1932 4180 2041 4256 fui,
2076 4189 2149 4244 et
2185 4180 2275 4244 ibi
2311 4180 2583 4263 inspexi
2618 4178 2821 4243 arbo·

581 4296 712 4352 res,
752 4272 1028 4351 fructuS,
1067 4276 1268 4341 flores
1305 4285 1377 4340 et
1416 4275 1787 4358 legumina,
1826 4274 2472 4356 correspondentias
2509 4274 2821 4339 animad-

581 4372 755 4435 verti
787 4371 856 4435 in
888 4370 1106 4447 caelo,
1143 4380 1216 4435 et
1255 4370 1524 4434 locutus
1558 4389 1708 4433 sum
1740 4388 1893 4435 cum
1928 4370 2062 4434 illis
2092 4370 2273 4453 apud
2298 4388 2469 4453 quos
2498 4376 2720 4445 erant,
2747 4378 2823 4433 et

581 4464 954 4530 instructus
993 4465 1338 4529 undenam
1377 4472 1598 4540 erant,
1639 4473 1713 4528 et
1751 4464 1987 4549 quales
2023 4472 2243 4529 erant.

705 4572 898 4625 κιο.
953 4556 1096 4625 Sed
1131 4561 1306 4627 scire
1342 4560 1727 4644 spiritualia
1762 4580 1938 4644 quae
1972 4560 2043 4625 in
2076 4558 2301 4639 caelo,
2336 4560 2581 4645 quibus
2616 4569 2823 4626 natu·
