3371 5304
577 611 656 692 58
1229 619 1332 673 ns
1377 618 1629 670 CAELo
1676 619 1774 670 m·
1822 616 2189 670 mmmm.

569 794 731 878 quid
771 790 1403 875 correspondentia,
1437 799 1510 855 et
1547 789 1769 874 qualis
1804 787 1961 869 illa3
2009 790 2105 853 sic
2142 789 2355 853 etiam
2392 798 2671 872 paratur
2704 790 2818 853 via

568 889 656 953 ad
695 889 1076 971 sequentia.

696 986 843 1067 89.
927 983 1222 1046 Primum
1289 980 1448 1064 quid
1517 979 2151 1064 correspondentia,
2222 979 2504 1044 dicetur.
2592 979 2815 1043 Totus

567 1079 858 1143 mundus
880 1077 1209 1142 naturalis
1231 1075 1725 1156 correspondet
1748 1075 2006 1138 mundo
2024 1073 2355 1155 spirituali
2378 1095 2394 1152 ;
2442 1094 2566 1138 nec
2594 1074 2815 1139 solum

567 1173 859 1237 mundus
891 1171 1222 1237 naturalis
1259 1172 1327 1233 in
1365 1171 1733 1246 communi,
1767 1170 1887 1232 sed
1928 1171 2138 1233 etiam
2174 1169 2242 1231 in
2280 1169 2567 1252 singulis
2596 1191 2612 1248 ;
2646 1190 2814 1253 qua-

566 1278 850 1349 propter
884 1266 1202 1350 quicquid
1252 1267 1320 1328 in
1366 1265 1622 1328 mundo
1667 1263 1962 1328 naturali
2008 1264 2252 1328 existit
2298 1285 2391 1328 ex
2438 1263 2813 1345 spirituali,

565 1361 636 1425 id
689 1362 942 1441 dicitur
995 1360 1565 1440 correspondens».
1659 1357 2030 1422 Sciendum
2092 1367 2224 1434 est,
2281 1359 2464 1441 quod
2520 1360 2815 1422 mundus

567 1457 897 1520 naturalis
935 1456 1198 1518 existat
1237 1465 1309 1518 et
1348 1455 1681 1536 subsistat
1720 1473 1810 1516 ex
1849 1453 2107 1516 mundo
2144 1453 2501 1534 spirituali,
2541 1474 2815 1536 prorsus

564 1552 742 1615 sicut
795 1549 1077 1614 effeetus
1131 1569 1222 1612 ex
1279 1569 1402 1611 sua
1449 1567 1655 1610 causa
1692 1545 2054 1610 efficiente.
2146 1545 2447 1611 Mundus
2484 1548 2814 1613 naturalis

565 1645 814 1709 dicitur
859 1665 1062 1709 omne
1107 1644 1177 1707 id
1225 1653 1616 1717 extensum,
1666 1643 1848 1725 quod
1896 1642 2023 1705 sub
2067 1641 2213 1705 sole
2260 1653 2387 1719 est,
2437 1653 2508 1707 et
2555 1664 2645 1706 ex
2694 1642 2814 1707 illo

563 1737 864 1802 calorem
895 1749 970 1802 et
1007 1739 1230 1803 lucem
1263 1739 1542 1819 recipit;
1592 1747 1664 1800 et
1703 1736 1881 1801 illius
1915 1738 2147 1800 mundi
2178 1746 2340 1801 sunt
2371 1738 2604 1801 omnia
2642 1758 2813 1822 quae

563 1834 722 1896 inde
761 1835 1184 1898 subsistunt:
1237 1833 1528 1895 mundus
1567 1832 1938 1914 spiritualis
1976 1843 2209 1896 autem
2256 1842 2364 1896 est
2410 1832 2701 1908 caelum,
2741 1841 2812 1897 et

562 1929 742 1993 illius
780 1929 1014 1993 mundi
1053 1936 1212 1991 sunt
1247 1927 1479 1990 omnia
1515 1947 1690 2010 quae
1730 1928 1797 1990 in
1836 1926 2065 1990 caelis.

692 2039 845 2105 90.
891 2022 1070 2105 Quia
1091 2024 1298 2087 homo
1319 2032 1426 2086 est
1448 2022 1715 2086 caelum
1735 2032 1807 2086 et
1834 2043 2102 2105 quoque
2123 2022 2417 2086 mundus
2442 2023 2510 2085 in
2536 2022 2814 2086 minima

562 2118 780 2182 forma
825 2119 912 2181 ad
958 2119 1326 2199 imaginem
1373 2117 1657 2180 maximi
1708 2117 2051 2200 (videatur
2096 2137 2318 2200 supra,
2362 2138 2425 2181 n.
2478 2116 2611 2200 57),
2652 2118 2809 2182 ideo

562 2214 744 2296 apud
803 2212 992 2276 illum
1048 2223 1157 2278 est
1217 2211 1509 2276 mundus
1546 2213 1915 2294 spiritualis
1976 2222 2048 2275 et
2108 2213 2400 2275 mundus
2438 2213 2808 2280 naturalis:

561 2310 904 2384 interiora,
945 2329 1120 2390 quae
1166 2308 1417 2370 mentis
1463 2305 1604 2388 ejus
1650 2317 1834 2382 sunt,
1884 2316 1954 2370 et
2002 2327 2075 2369 se
2120 2306 2419 2370 referunt
2467 2307 2554 2370 ad
2602 2307 2808 2371 intel-

562 2400 818 2468 le6tum
864 2413 934 2467 et
983 2403 1439 2476 voluntatem,
1481 2401 1739 2466 faciunt
1787 2401 1926 2484 ejus
1970 2401 2300 2465 mundum
2346 2402 2807 2483 spiritualem3

564 2499 911 2561 exteriora
947 2508 1179 2560 autem
1218 2517 1391 2578 quae
1429 2495 1572 2580 ejus
1603 2497 1909 2578 corporis
1947 2506 2130 2570 sunt,
2166 2506 2238 2559 et
2274 2518 2349 2560 se
2388 2497 2683 2561 referunt
2722 2497 2807 2562 ad

563 2593 756 2677 hujus
794 2613 1037 2657 sensus
1074 2602 1145 2657 et
1183 2589 1512 2668 afflones,
1551 2591 1809 2657 faciunt
1847 2590 1990 2675 ejus
2027 2593 2355 2657 mundum
2382 2593 2805 2659 naturalem:

564 2690 878 2773 quicquid
926 2690 1157 2772 itaque
1216 2690 1284 2751 in
1331 2689 1591 2752 mundo
1636 2686 1780 2770 ejus
1828 2688 2146 2765 naturali,
2196 2689 2328 2752 hoc
2374 2698 2505 2764 est,
2554 2690 2621 2752 in
2669 2689 2810 2771 ejus

563 2804 849 2866 corpore
907 2796 980 2849 et
1038 2783 1232 2865 hujus
1278 2785 1588 2869 sensibus
1647 2794 1721 2849 et
1780 2781 2157 2847 astionibus
2214 2805 2306 2848 ex
2368 2785 2623 2849 mundo
2668 2784 2807 2867 ejus

563 2880 916 2961 spirituali,
959 2878 1090 2942 hoc
1137 2890 1266 2956 est,
1317 2900 1406 2942 ex
1468 2878 1610 2961 ejus
1655 2888 1891 2943 mente
1950 2889 2021 2944 et
2080 2878 2277 2961 hujus
2321 2878 2679 2944 intellee'tu
2736 2890 2808 2945 et

563 2974 944 3047 voluntate,
986 2973 1246 3048 existit,
1287 2984 1573 3037 vocatur
1609 2973 2173 3055 correspondens,

687 3082 827 3148 91.
871 3066 1112 3149 Qualis
1139 3068 1752 3149 correspondentia
1780 3078 1911 3141 est,
1940 3068 2153 3131 videri
2180 3077 2413 3149 potest
2438 3069 2505 3131 in
2530 3068 2807 3133 homine

564 3184 654 3228 ex
688 3163 858 3227 facie
891 3163 1069 3244 ejus:
1119 3164 1186 3226 in
1219 3162 1410 3239 facie,
1440 3183 1612 3246 quae
1645 3182 1782 3225 non
1820 3159 2027 3226 do&a
2055 3171 2164 3227 est
2196 3163 2533 3239 simulare,
2568 3184 2807 3227 omnes

563 3256 956 3323 affeEtiones
991 3257 1242 3320 mentis
1279 3278 1353 3322 se
1391 3259 1645 3321 sistunt
1678 3256 2012 3320 videndas
2052 3258 2118 3319 in
2156 3256 2371 3321 forma
2403 3258 2695 3323 naturali
2732 3270 2807 3323 ut

559 3354 628 3417 in
674 3372 798 3415 suo
844 3362 1058 3434 typo;
1120 3352 1280 3415 inde
1318 3352 1524 3415 facies
1569 3352 1816 3415 dicitur
1853 3350 2063 3414 index
2101 3352 2327 3425 animi,
2368 3352 2466 3415 ita
2513 3354 2805 3416 mundus

561 3446 701 3529 ejus
740 3446 1106 3528 spiritualis
1151 3450 1218 3510 In
1257 3446 1516 3511 mundo
1554 3445 1697 3528 ejus
1735 3444 2069 3509 naturali:
2132 3446 2443 3510 similiter
2479 3446 2597 3511 illa
2633 3468 2802 3531 quae

561 3540 954 3606 intellefflzus
1000 3551 1182 3616 sunt,
1230 3542 1297 3603 in
1359 3540 1678 3624 loquela3
1746 3550 1819 3604 et
1879 3540 1997 3604 illa
2056 3561 2228 3625 quae
2288 3542 2687 3617 voluntatiS,
2737 3544 2803 3606 in

562 3637 872 3719 gestibus
898 3638 1220 3717 corporis.
1312 3635 1441 3700 Illa
1464 3637 1695 3718 itaque
1721 3656 1893 3719 quae
1924 3636 1992 3698 in
2019 3656 2302 3718 corpore
2330 3636 2521 3712 fiunt,
2549 3637 2690 3700 sive
2716 3638 2805 3701 sit

566 3732 632 3795 in
680 3731 868 3805 facie,
909 3732 1050 3793 sive
1089 3732 1154 3793 in
1193 3730 1488 3814 loquela,
1529 3732 1670 3794 sive
1718 3730 1787 3794 in
1832 3728 2166 3812 gestibus,
2207 3741 2545 3795 vocantur
2580 3752 2804 3796 corre-

563 3826 1036 3909 spondentiae.

685 3936 824 4003 92.
885 3921 1000 3984 Ex
1036 3921 1142 3984 his
1178 3941 1446 4004 quoque
1483 3920 1695 3983 videri
1733 3929 1987 4003 potest,
2023 3920 2183 4003 quid
2223 3912 2545 3985 internus
2569 3920 2802 3996 hom0,

560 4026 631 4081 et
689 4016 849 4098 quid
893 4025 1279 4093 ‘externus;
1344 4016 1528 4099 quod
1565 4035 1815 4097 nempe
1852 4016 2161 4079 internus
2212 4016 2302 4079 sit
2362 4016 2475 4098 qui
2519 4024 2807 4080 vocatur

558 4109 930 4201 spiritualis
980 4111 1212 4187 homo,
1260 4120 1333 4181 et
1393 4120 1725 4181 externus
1784 4112 1899 4193 qui
1956 4110 2323 4181 naturalis:
2390 4120 2539 4179 tum
2592 4112 2805 4180 etiam

561 4207 742 4287 quod
780 4226 952 4269 unus
984 4204 1349 4269 distindtus
1387 4207 1474 4269 sit
1513 4208 1599 4270 ab
1636 4205 1878 4281 altero,
1914 4207 2088 4269 sicut
2122 4206 2386 4270 caelum
2423 4227 2464 4270 a
2502 4206 2800 4275 mundo:

559 4308 636 4363 ut
681 4308 754 4364 et
799 4299 982 4383 quod
1021 4301 1252 4363 omnia
1288 4320 1462 4383 quae
1500 4300 1670 4364 fiunt
1718 4310 1790 4364 et
1849 4301 2161 4383 existunt
2220 4302 2289 4365 in
2338 4311 2635 4367 externo
2682 4323 2801 4366 seu

561 4394 854 4457 naturali
885 4394 1182 4469 homine,
1217 4394 1386 4459 fiant
1417 4405 1489 4460 et
1527 4396 1837 4461 existant
1874 4395 1963 4462 ab
1994 4395 2265 4461 interno
2296 4416 2417 4462 seu
2447 4396 2801 4478 spirituali.

689 4502 836 4569 93·
895 4488 1090 4557 Haec
1137 4487 1324 4553 dieta
1367 4498 1526 4553 sunt
1583 4489 1668 4554 de
1729 4490 2341 4571 correspondentia
2387 4491 2639 4557 interni
2682 4512 2801 4557 seu

561 4582 932 4665 spiritualis
968 4583 1262 4647 hominis
1299 4602 1456 4647 eum
1491 4592 1793 4649 externo
1824 4604 1943 4649 seu
1991 4584 2283 4649 naturali
2320 4584 2502 4667 ejus;
2562 4586 2684 4650 sed
2730 4588 2797 4651 in
