3371 5304
1216 616 1319 667 DE
1364 614 1760 682 CONJUGIIS
1805 615 1887 669 IN
1934 614 2204 668 CAELO.
2711 618 2834 683 233

582 789 801 857 trahit
844 789 1181 873 originem
1226 809 1319 853 ex
1374 788 1710 872 spirituali
1747 788 1912 872 ejus,
1951 789 2273 872 quoniam
2328 808 2421 853 ex
2475 786 2838 855 intellectu

584 897 658 951 et
717 885 1125 964 voluntate3
1192 882 1589 949 intellectus
1648 894 1723 949 et
1782 883 2108 949 voluntas
2164 884 2425 949 faciunt
2481 884 2836 950 hominem

582 981 1033 1065 spiritualem.
1128 978 1467 1063 Quicquid
1514 1000 1556 1043 a
1600 979 1938 1062 spirituali
1983 981 2264 1045 homine
2307 980 2377 1044 in
2424 1000 2674 1063 corpus
2710 981 2832 1045 de-

581 1077 875 1153 scendit,
922 1078 1055 1142 hoc
1114 1077 1209 1141 ibi
1254 1096 1329 1139 se
1372 1075 1503 1139 sub
1538 1074 1674 1140 alia
1731 1076 1963 1158 specie
2019 1076 2228 1151 sistit,
2276 1076 2400 1140 sed
2455 1096 2667 1159 usque
2726 1086 2836 1140 est

582 1172 805 1237 simile
836 1181 911 1237 et
950 1173 1368 1248 unanimum,
1403 1172 1583 1235 sicut
1614 1179 1726 1235 est
1757 1172 1990 1235 anima
2017 1180 2090 1235 et
2122 1191 2392 1254 corpus,
2420 1180 2494 1235 et
2525 1172 2702 1235 sicut
2725 1181 2836 1237 est

582 1286 789 1333 causa
824 1277 898 1333 et
934 1265 1238 1342 effectus,
1271 1275 1347 1331 ut
1384 1275 1710 1331 constare
1748 1275 1985 1349 potest
2020 1286 2112 1330 ex
2149 1265 2284 1330 illis
2327 1286 2505 1349 quae
2541 1268 2610 1329 in
2657 1261 2834 1330 binis

580 1363 889 1427 articulis
925 1365 1013 1428 de
1051 1362 1706 1444 Correspondentiis
1741 1359 1926 1426 dicta
1963 1372 2038 1426 et
2073 1371 2360 1427 ostensa
2395 1370 2578 1425 sunt.

704 1472 901 1542 3¹74.
961 1457 1217 1523 Audivi
1249 1457 1574 1539 angelum
1600 1458 2112 1522 describentem
2136 1478 2445 1523 amorem
2476 1477 2637 1521 vere
2663 1476 2831 1520 con-

573 1552 905 1635 jugialem
950 1562 1023 1617 et
1069 1554 1411 1617 caelestes
1450 1552 1592 1635 ejus
1632 1552 2129 1634 jucunditateS‚
2170 1553 2294 1617 tali
2341 1554 2592 1633 modo;
2644 1552 2832 1635 quod

580 1649 673 1713 sit
706 1648 1029 1712 Divinum
1064 1649 1344 1712 Domini
1380 1650 1449 1711 in
1480 1648 1710 1724 caelis,
1739 1647 1923 1731 quod
1953 1658 2064 1713 est
2099 1648 2422 1713 Divinum
2457 1648 2727 1712 Bonum
2758 1656 2832 1712 et

582 1743 908 1807 Divinum
942 1744 1223 1819 Verum,
1260 1745 1531 1807 unitum·
1562 1744 1627 1807 in
1666 1743 1958 1820 duobus,
1993 1764 2205 1827 usque
2239 1754 2314 1808 ut
2349 1765 2492 1808 non
2524 1744 2662 1808 duo
2693 1743 2833 1809 sint

580 1837 701 1903 sed
736 1849 811 1903 ut
846 1858 1090 1903 unum:
1140 1838 1439 1913 dicebat,
1470 1838 1653 1922 quod
1687 1838 1826 1902 duo
1851 1837 2179 1921 conjuges
2211 1840 2280 1903 in
2313 1839 2509 1904 caelo
2542 1840 2682 1902 sint
2713 1837 2830 1903 ille

579 1954 794 2010 amor,
834 1935 994 2017 quia
1030 1934 1490 2016 unusquisque
1536 1943 1647 1997 est
1684 1952 1882 1997 suum
1920 1926 2176 1999 bonum
2223 1944 2296 1998 et
2339 1954 2536 1998 suum
2567 1953 2829 2011 verum,

581 2039 725 2093 tam
765 2030 993 2113 quoad
1032 2038 1334 2093 mentem
1382 2048 1587 2111 quam
1625 2029 1856 2111 quoad
1902 2049 2174 2113 corpuS‚
2216 2049 2378 2093 nam
2424 2050 2674 2113 corpus
2719 2038 2829 2093 est

584 2127 837 2189 mentis
874 2124 1161 2205 effigie3‚
1204 2125 1361 2206 quia
1398 2124 1769 2188 formatum
1808 2125 1893 2188 ad
1933 2124 2078 2206 ejus
2115 2126 2351 2190 instar.
2445 2126 2830 2190 Inducebat

580 2220 763 2297 inde,
798 2220 985 2304 quod
1020 2220 1343 2283 Divinum
1377 2221 1470 2284 sit
1501 2218 1883 2301 effigiatum
1914 2222 1984 2284 in
2018 2221 2306 2297 duobuS,
2341 2222 2455 2303 qui
2492 2222 2560 2284 in
2594 2240 2830 2285 amore

580 2336 741 2381 vere
785 2314 1157 2397 conjugiali
1203 2324 1365 2379 sunt
1395 2336 1413 2394 ;
1446 2323 1551 2379 ‘et
1600 2315 1756 2398 quia
1802 2314 2149 2391 Divinum,
2199 2317 2382 2399 quod
2429 2317 2642 2380 etiam
2681 2316 2828 2380 effi·

578 2412 843 2493 giatum
904 2412 995 2474 sit
1057 2409 1347 2485 caelum,
1397 2410 1553 2493 quia
1591 2412 1981 2474 universum
2029 2410 2296 2475 caelum
2343 2421 2452 2475 est
2499 2411 2828 2476 Divinum

580 2505 845 2570 Bonum
885 2514 957 2571 et
997 2505 1322 2569 Divinum
1360 2505 1623 2569 Verum
1660 2507 2044 2588 procedens
2080 2528 2123 2570 a
2165 2506 2486 2583 Domino,
2528 2518 2601 2571 et
2645 2508 2828 2591 quod

577 2602 737 2668 inde
776 2604 864 2668 sit
902 2602 1085 2686 quod
1123 2602 1355 2667 omnia
1392 2602 1565 2666 caeli
1612 2602 1710 2666 illi
1756 2603 1976 2667 amori
2019 2603 2352 2686 inscripta
2388 2605 2546 2680 sint,
2587 2624 2665 2668 ac
2715 2614 2828 2669 tot

578 2698 1048 2764 beatitudines·
1086 2708 1159 2762 et
1190 2697 1663 2779 jucunditates
1703 2706 1779 2761 ut
1818 2698 2170 2762 excedant
2209 2718 2584 2763 numerum.
2675 2699 2826 2762 Ex·-

576 2793 919 2876 primebat
984 2813 1339 2857 numerum
1406 2813 1528 2875 per
1592 2812 1838 2857 vocem
1897 2813 2071 2876 quae
2128 2793 2422 2860 involvit
2481 2795 2827 2876 myriades

578 2889 980 2970 myriadum.
1071 2887 1363 2953 Miratus
1396 2898 1505 2952 est
1538 2889 1722 2972 quod
1754 2889 1966 2953 homo
1999 2888 2331 2954 ecclesiae
2365 2889 2533 2954 nihil
2565 2891 2656 2955 de
2691 2892 2824 2956 hoc

576 2985 772 3061 sciat,
812 3003 967 3050 cum
1007 2993 1242 3049 tamen
1282 2983 1577 3048 ecclesia
1613 2994 1723 3049 est
1763 2985 2031 3049 caelum
2069 2985 2350 3050 Domini
2386 2987 2452 3049 in
2493 2988 2712 3063 terriS,
2753 2996 2826 3052 et

576 3077 844 3143 caelum
880 3088 991 3144 est
1030 3078 1421 3162 conjugium
1459 3080 1623 3144 boni
1667 3089 1741 3144 et
1779 3081 1942 3144 veri.
2031 3080 2328 3145 Dicebat
2360 3081 2544 3165 quod
2582 3083 2825 3146 obstu-

576 3184 817 3258 pescat
840 3193 1045 3258 quum
1072 3175 1339 3256 cogitat
1365 3175 1571 3258 quod,
1599 3178 1782 3239 intra
1806 3175 2169 3239 ecclesiam
2204 3176 2358 3258 plus
2389 3197 2592 3259 quam
2619 3188 2825 3242 extra

574 3266 787 3344 illam,
822 3279 1178 3350 patrentur
1209 3280 1278 3333 et
1313 3290 1583 3353 quoque
1616 3269 2110 3335 confirmentur
2139 3271 2501 3348 adulteria,
2535 3293 2824 3356 quorum

576 3373 811 3428 tamen
838 3363 1210 3446 jucundum
1248 3366 1316 3428 in
1356 3385 1431 3430 se
1464 3385 1601 3430 non
1633 3365 1818 3429 aliud
1857 3367 1924 3429 in
1963 3365 2296 3447 spirituali
2321 3387 2525 3431 sensu
2558 3377 2631 3432 et
2663 3369 2823 3433 inde

575 3459 645 3523 in
680 3459 1014 3542 spirituali
1053 3460 1313 3524 mundo
1356 3470 1467 3525 est
1515 3479 1720 3544 quam
1753 3460 2125 3543 jucundum
2162 3463 2412 3525 amoris
2456 3461 2609 3526 falsi
2653 3483 2822 3527 con·

567 3551 783 3636 juncti
818 3553 1024 3630 malo,
1064 3556 1249 3638 quod
1290 3554 1665 3638 jucundum
1712 3566 1822 3620 est
1859 3555 2234 3637 jucundum
2270 3557 2625 3635 infernale,
2665 3560 2824 3641 quia

575 3667 853 3730 prorsus
884 3650 1278 3732 oppositum
1304 3649 1609 3732 jucundo
1636 3650 1835 3727 caeli,
1861 3652 2049 3734 quod
2080 3660 2189 3716 est
2219 3649 2598 3734 jucundum
2626 3672 2820 3717 amo-

572 3743 667 3808 ris
702 3745 844 3808 veri
878 3742 1225 3826 conjuncti
1263 3745 1469 3811 bono.
2713 3797 2721 3806 -

698 3851 892 3922 3¹75.
952 3839 1440 3923 Unusquisque
1506 3841 1661 3917 scit,
1719 3841 1904 3924 quod
1969 3841 2112 3906 bini
2169 3840 2500 3925 conjuges
2565 3842 2679 3926 qui
2744 3863 2822 3909 se

571 3943 833 4010 amant,
872 3935 1158 3999 interius
1205 3937 1375 4000 uniti
1422 3929 1583 4012 sint,
1623 3945 1699 4001 et
1743 3935 1926 4019 quod
1973 3937 2344 4002 essentiale
2381 3937 2683 4021 conjugii
2727 3939 2820 4004 sit

572 4031 793 4094 unitio
826 4031 1210 4094 animorum
1250 4051 1373 4094 seu
1410 4033 1760 4096 mentium.
1853 4032 2024 4096 Inde
2055 4053 2326 4116 quoque
2363 4034 2520 4097 sciri
2555 4044 2818 4118 potest,

570 4124 755 4208 quod
794 4124 1033 4208 quales
1072 4126 1278 4189 animi
1317 4147 1439 4190 seu
1478 4136 1749 4190 mentes
1787 4127 1854 4189 in
1902 4147 1978 4190 se
2023 4137 2206 4202 sunt,
2248 4127 2408 4192 talis
2447 4131 2668 4193 unitio
2703 4131 2816 4207 sit,

568 4230 642 4284 et
680 4240 949 4302 quoque
989 4221 1149 4285 talis
1185 4222 1367 4287 inter
1402 4221 1563 4288 illos
1600 4242 1840 4290 amor:
1889 4241 2084 4288 mens
2121 4223 2453 4289 formatur
2491 4225 2688 4290 unice
2725 4247 2818 4292 ex

568 4316 749 4379 veris
793 4325 866 4379 et
913 4316 1159 4395 bonis3
1210 4336 1370 4381 nam
1418 4319 1650 4382 omnia
1687 4339 1861 4402 quae
1898 4319 1966 4382 in
2014 4320 2334 4384 universo
2369 4330 2553 4396 sunt,
2593 4341 2670 4385 se
2705 4341 2818 4386 re-

569 4409 794 4474 ferunt
838 4411 925 4474 ad
971 4411 1228 4475 bonum
1274 4421 1347 4478 et
1394 4433 1653 4490 verum,
1696 4424 1768 4478 et
1810 4434 2080 4499 quoque
2127 4416 2214 4478 ad
2261 4413 2816 4498 conjunctionem

567 4524 855 4585 eorum;
915 4526 1123 4589 quare
1170 4509 1507 4573 mentium
1566 4509 1790 4574 unitio
1848 4530 2124 4593 prorsus
2182 4511 2344 4575 talis
2402 4520 2533 4587 est,
2589 4509 2818 4596 qualia

568 4611 727 4665 sunt
759 4621 922 4668 vera
952 4611 1025 4668 et
1058 4603 1239 4667 bona
1271 4623 1362 4668 ex
1394 4604 1637 4688 quibus
1662 4603 2000 4670 formatae
2033 4617 2236 4671 sunt:
2285 4617 2810 4690 consequenter,
