3371 5304
494 613 570 664 12
1135 613 1240 666 m:
1285 613 1540 668 CAELO
1585 613 1684 666 ET
1730 615 2098 671 mmmm.

821 786 895 838 od
917 785 1008 851 qui
1035 785 1184 838 videt
1207 785 1410 850 Ipsum,
1435 787 1618 838 videat
1641 787 1889 840 Patrem:
1924 795 1981 840 et
2006 788 2155 854 quod
2184 785 2627 842 omnessntstum
2643 792 2736 858 ‚ab

780 866 882 917 pso
901 853 1157 916 procedat
1174 852 1324 920 (fila.
1343 868 1396 904 x.
1419 865 1500 916 30,
1517 855 1582 914 38
1603 868 1617 915 ς
1643 868 1760 918 cap.
1779 855 1886 905 xiv.
1904 851 2004 924 [9,]
2035 868 2111 915 10,
2136 868 2193 906 11
2217 869 2230 918 ;
2265 871 2381 920 cap.
2400 857 2508 907 xvi.
2531 855 2733 919 13-15).

483 989 794 1060 Locutus
825 1015 975 1060 sum
1008 1015 1162 1060 cum
1193 997 1464 1079 angelis
1495 997 1765 1081 saepius
1804 996 1891 1062 de
1922 995 2053 1062 hac
2086 1018 2182 1074 re,
2214 1006 2290 1062 et
2326 1007 2737 1066 constanter

481 1091 833 1167 dixerunt,
875 1093 1058 1175 quod
1097 1111 1236 1156 non
1275 1093 1544 1176 possint
1589 1094 1659 1157 in
1706 1093 1907 1158 caelo
1942 1094 2369 1176 distinguere
2408 1093 2733 1159 Divinum

479 1188 548 1250 in
587 1188 740 1262 tria,
781 1189 1105 1270 quoniam
1143 1187 1371 1252 sciunt
1407 1197 1478 1252 et
1514 1189 1901 1270 percipiunt
1934 1190 2121 1272 quod
2158 1189 2485 1253 Divinum
2522 1209 2731 1254 unum

477 1284 592 1358 sit,
629 1292 704 1347 et
749 1283 936 1366 quod
981 1301 1189 1346 unum
1234 1283 1324 1347 sit
1369 1283 1438 1347 in
1487 1283 1832 1347 Domino:
1897 1284 2224 1348 dixerunt
2268 1285 2505 1360 etiam,
2545 1285 2737 1368 quod

478 1379 593 1461 qui
638 1379 729 1442 ab
772 1377 1069 1444 ecclesia
1110 1398 1204 1443 ex
1250 1378 1510 1442 mundo
1545 1379 1857 1456 veniunt,
1896 1380 2079 1463 apud
2116 1397 2290 1463 quos
2334 1379 2493 1443 idea
2520 1381 2729 1444 trium

479 1473 886 1538 Divinorum
933 1483 1064 1550 est,
1113 1491 1254 1537 non
1299 1472 1573 1556 possint
1618 1473 1899 1540 admitti
1951 1476 2021 1539 in
2067 1472 2359 1550 caelum,
2406 1474 2736 1557 quoniam·

477 1577 662 1634 errat
698 1588 935 1633 eorum
967 1568 1307 1652 cogitatio
1343 1568 1433 1633 ab
1471 1588 1608 1633 uno
1643 1569 1731 1633 ad
1773 1569 2093 1646 alterum,
2128 1579 2201 1634 et
2248 1589 2389 1634 non
2426 1571 2517 1633 ibi
2564 1569 2735 1636 licet

477 1665 792 1747 cogitare
829 1673 974 1728 tres
1018 1674 1090 1728 et
1137 1664 1369 1728 dicere
1399 1660 1705 1740 unum,(’')
1738 1665 1897 1748 quia
1933 1665 2219 1749 quisque
2272 1665 2341 1728 in
2386 1664 2585 1729 caelo
2634 1685 2731 1728 ex

476 1760 908 1842 cogitatione
961 1758 1284 1842 loquitur,
1325 1768 1435 1823 est
1481 1762 1664 1823 enim
1719 1761 1811 1824 ibi
1858 1759 2135 1843 loquela
2181 1761 2565 1842 cogitativa
2610 1779 2729 1824 seu

477 1855 818 1937 cogitatio
855 1855 1188 1937 loquens;
1236 1875 1444 1938 quare
1477 1856 1588 1937 qui
1637 1857 1707 1919 in
1744 1856 2003 1919 mundo
2034 1856 2503 1920 distinxerunt
2536 1854 2729 1919 Divi·

477 1971 640 2014 num
672 1951 739 2030 in
774 1952 926 2027 tria,
953 1971 1034 2015 ac
1069 1961 1462 2032 separatam
1495 1952 1723 2016 ideam
1756 1953 1845 2015 de
1876 1953 2258 2035 unoquovis
2288 1960 2727 2034 acceperunt,

475 2037 720 2110 et'non
746 2045 936 2108 illam
969 2045 1037 2108 in
1071 2043 1373 2110 Domino
1397 2065 1603 2111 unam
1629 2047 1939 2111 fecerunt
1972 2057 2044 2111 et
2076 2055 2725 2122 concentraverunt,

475 2161 614 2206 non
647 2141 855 2224 recipi
887 2135 1220 2224 possunt‘3
1259 2142 1464 2205 datur
1489 2143 1671 2206 enim
1698 2143 1765 2206 in
1796 2141 1996 2206 caelo
2020 2144 2326 2207 omnium
2354 2143 2727 2224 cogitatio·

473 2257 634 2346 num
668 2237 1226 2312 communicatio,
1263 2257 1472 2320 quare
1509 2238 1566 2300 si
1603 2237 1764 2302 illuc
1798 2239 2089 2314 veniret,
2124 2239 2239 2320 qui
2274 2239 2545 2319 cogitat
2582 2247 2729 2302 tres

473 2343 546 2396 et
584 2332 754 2394 dicit
786 2349 1019 2407 unum,
1054 2331 1291 2396 statim
1330 2332 1929 2397 internosceretur·
1952 2342 2024 2396 et
2060 2333 2474 2415 rejiceretur.
2586 2331 2725 2400 Sed

471 2428 827 2492 sciendum
853 2436 986 2501 est,
1013 2426 1199 2508 quod
1232 2447 1476 2491 omnes
1513 2427 1613 2492 illi
1651 2429 1765 2511 qui
1803 2447 1943 2493 non
1976 2437 2469 2510 separaverunt
2488 2447 2725 2495 verum

471 2543 514 2586 a
555 2521 744 2586 bono
783 2541 905 2585 seu
942 2519 1147 2585 fidem
1186 2523 1275 2586 ab
1310 2540 1568 2596 amore,
1607 2523 1674 2586 in
1724 2523 1947 2588 altera
1982 2524 2148 2600 vita,
2190 2543 2344 2586 cum
2384 2522 2722 2600 instructi,

471 2618 806 2701 recipiant
843 2617 1070 2681 ideam
1104 2617 1484 2683 caelestem
1523 2620 1610 2684 de
1646 2618 1971 2697 Domino,
2006 2619 2190 2703 quod
2228 2620 2318 2683 sit
2352 2619 2542 2684 Deus
2574 2621 2724 2685 uni-

469 2715 690 2791 versi;
745 2712 949 2779 aliter
985 2734 1150 2777 vero
1187 2715 1299 2796 qui
1337 2712 1543 2778 fidem
1581 2724 2077 2797 separaverunt
2122 2734 2165 2779 a
2208 2716 2378 2791 vita,
2418 2715 2551 2781 hoc
2588 2724 2722 2793 est,

470 2811 584 2893 qui
623 2828 762 2872 non
796 2808 1121 2873 vixerunt
1159 2810 1537 2874 secundum
1573 2821 1950 2893 praecepta
1986 2830 2193 2875 verae
2232 2808 2411 2875 fidei.

596 2920 682 2987 3·
743 2902 878 2986 Qui
910 2905 1089 2968 intra
1120 2904 1486 2970 ecclesiam
1513 2914 1943 2989 negaverunt
1977 2906 2371 2981 Dominum,
2400 2915 2470 2970 et
2504 2925 2722 2989 agno·

470 3010 718 3063 verunt
766 3000 988 3063 solum
1039 3000 1336 3076 Patrem,
1385 3010 1458 3064 et
1519 3001 1586 3064 in
1641 3000 1767 3065 tali
1814 2998 1948 3065 fide
1994 3021 2069 3064 se
2117 3000 2721 3076 confirmaverunt,

469 3095 569 3161 illi
607 3105 815 3159 extra
852 3094 1118 3158 caelum
1158 3104 1359 3172 sunt3
1421 3105 1494 3159 et
1540 3096 1699 3179 quia
1744 3116 1881 3159 non
1928 3097 2131 3160 datur
2167 3096 2349 3177 apud
2395 3095 2552 3159 illos
2597 3095 2722 3160 ali-

453 3192 620 3279 'quis
645 3191 939 3255 influxus
964 3212 1001 3255 e
1027 3190 1246 3265 caele,
1276 3191 1388 3255 ubi
1415 3190 1753 3255 Dominus
1780 3192 1968 3255 solus
1994 3191 2340 3267 adoratur,
2370 3192 2725 3275 privantur

471 3308 592 3371 per
627 3286 884 3369 gradus
920 3286 1255 3351 facultate
1286 3288 1645 3369 cogitandi
1680 3305 1917 3350 verum
1956 3286 2043 3349 de
2078 3306 2484 3369 quacunque
2521 3307 2616 3363 re,
2648 3295 2723 3351 et

470 3382 757 3448 tandem
805 3380 978 3448 fiunt
1021 3380 1138 3447 vel·
1177 3382 1356 3447 sicut
1402 3383 1598 3457 muti,
1635 3382 1751 3445 vel
1796 3381 2170 3465 loquuntur
2214 3382 2492 3458 stolide,
2533 3391 2607 3446 et
2651 3381 2721 3445 in

471 3478 700 3543 eundo
730 3486 985 3552 errant,
1012 3494 1092 3541 ac
1125 3476 1408 3540 brachia
1439 3497 1672 3541 eorum
1707 3477 2015 3559 pendent
2052 3485 2124 3542 et
2155 3474 2513 3541 vibrantur
2544 3477 2721 3541 sicut

470 3572 794 3655 expertia
848 3572 1090 3637 virium
1155 3572 1226 3635 in
1285 3572 1711 3636 internodiis.
1802 3569 1939 3653 Qui
1996 3581 2233 3637 autem
2291 3581 2723 3654 negaverunt

472 3670 798 3733 Divinum
837 3668 1138 3741 Domini,
1178 3675 1251 3730 et
1295 3676 1735 3749 agnoverunt
1772 3666 1994 3731 solum
2034 3666 2435 3732 Humanum
2474 3666 2719 3750 Ipsius,

469 3777 546 3829 ut
593 3762 963 3837 Sociniani,
1003 3762 1101 3826 illi
1145 3761 1462 3827 similiter
1507 3772 1715 3827 extra
1750 3762 2017 3828 caelum
2062 3773 2247 3838 sunt,
2288 3782 2371 3825 ac
2414 3760 2724 3826 feruntur

469 3868 861 3923 antrorsum
899 3856 1106 3939 paulo
1141 3878 1378 3922 versus
1411 3858 1760 3933 dextrum,
1795 3877 1875 3922 ac
1914 3858 1981 3921 in
2022 3856 2435 3939 profundum
2464 3857 2719 3921 demit·-

472 3962 734 4030 tuntur,
781 3962 857 4018 et
901 3954 998 4017 sic
1045 3972 1320 4037 prorsus
1367 3962 1775 4037 separantur
1832 3971 1875 4016 a
1918 3952 2194 4036 reliquis
2240 3972 2279 4017 e
2324 3950 2723 4017 Christiano

1281 4210 1362 4265 (ιιι
1384 4220 1580 4253 uem
1603 4210 1929 4263 mam)

581 4311 668 4382 (n)
709 4306 889 4383 Quod
929 4308 1256 4366 Christiani
1297 4308 1357 4363 in
1397 4308 1588 4363 altera
1622 4307 1751 4363 vita
1785 4306 2099 4379 explorati,
2172 4306 2368 4362 nalem
2410 4304 2605 4363 ideam
2645 4304 2721 4362 de

477 4382 613 4439 Deo
651 4398 774 4437 uno
817 4382 1128 4443 haberent,
1157 4391 1221 4435 et
1259 4380 1423 4450 quod
1464 4390 1842 4449 compertum
1886 4378 1967 4433 sit
2007 4393 2131 4449 quo
2204 4376 2497 4433 haberent
2526 4378 2719 4433 ideam

473 4456 658 4511 trium
687 4452 936 4508 deorum
967 4453 1048 4521 (n.
1075 4466 1232 4537 2329.
1263 4451 1416 4521 5256,
1444 4450 1630 4520 10736,
1665 4450 1851 4519 10738,
1880 4449 2095 4517 10821).

583 4522 764 4597 Quod
795 4521 1081 4577 Divinum
1101 4522 1354 4577 Trinum
1381 4522 1440 4576 in
1465 4520 1737 4578 Domino
1754 4531 2115 4593 agnoscatur
2138 4518 2193 4575 in
2226 4519 2397 4577 caelo
2419 4522 2500 4587 (n.
2534 4534 2613 4587 ¹4·
2640 4530 2721 4589 ις.

485 4610 636 4665 ¹729·
665 4607 820 4664 200⁵·
853 4593 1006 4665 ⁵2⁵6»
1032 4594 1217 4664 9303)-
