3371 5304
859 660 967 713 DE
1003 663 1493 719 SAPIENTIBUS
1532 664 1629 717 ET
1665 664 2136 719 SIMPLICIBUS
2171 663 2254 717 m
2289 664 2563 716 CAELO.
2733 668 2859 739 215

738 846 943 916 334·
1004 832 1265 899 Datum
1306 844 1415 899 est
1452 832 1643 917 loqui
1677 852 1834 901 cum
1873 833 2176 917 pluribus
2211 834 2496 903 eruditis
2533 842 2694 919 post
2729 856 2858 903 ex·

614 946 887 997 cessum
916 947 1153 993 eorum
1194 948 1237 993 e
1272 928 1571 1007 mundo;
1619 947 1776 995 cum
1813 929 2218 1011 quibusdam
2255 930 2370 1013 qui
2405 930 2858 1013 famigeratis·

614 1023 765 1088 simi
806 1022 1101 1097 suerunt,
1140 1031 1214 1087 et
1258 1042 1383 1105 per
1416 1023 1677 1103 scripta
1719 1021 1788 1087 in
1823 1023 1988 1089 orbe
2032 1021 2346 1089 litterato
2381 1024 2729 1103 celebres;
2783 1036 2857 1091 et

615 1137 775 1184 cum
800 1116 1207 1199 quibusdam
1230 1117 1345 1199 qui
1374 1134 1515 1179 non
1546 1116 1645 1181 ita
1673 1116 2004 1192 celebres,
2031 1117 2156 1183 sed
2185 1138 2396 1201 usque
2425 1120 2856 1187 reconditam

614 1210 1027 1295 sapientiam
1078 1210 1149 1275 in
1206 1229 1283 1274 se
1333 1209 1742 1277 habuerunt.
1834 1210 1966 1287 Illi,
2015 1214 2128 1295 qui
2173 1214 2383 1279 corde
2429 1227 2854 1296 negaverunt

616 1306 961 1381 Divinum,
1010 1312 1354 1388 utcunque
1411 1325 1531 1370 ore
1588 1304 1758 1369 illud
1824 1305 2120 1371 confessi
2177 1318 2360 1383 sunt,
2408 1317 2555 1375 tam
2601 1310 2854 1391 stupidi

614 1398 777 1465 fasti
810 1408 996 1474 sunt,
1034 1408 1111 1465 ut
1148 1400 1269 1463 vix
1306 1398 1559 1481 aliquid
1595 1416 1830 1463 verum
1861 1399 2082 1477 civile,
2117 1402 2338 1465 minus
2369 1401 2622 1485 aliquid
2659 1404 2853 1487 spiri-

612 1494 825 1571 tuale,
864 1493 1447 1575 comprehendere
1484 1502 1815 1575 possent:
1863 1506 2266 1579 perceptum
2303 1505 2433 1571 est,
2467 1506 2542 1563 et
2585 1518 2854 1581 quoque

614 1591 856 1664 visum,
885 1586 1071 1671 quod
1106 1607 1343 1653 eorum
1381 1587 1710 1653 interiora
1747 1608 1920 1671 quae
1957 1599 2118 1653 sunt
2153 1591 2407 1655 mentis
2443 1591 2542 1656 ita
2575 1592 2855 1659 occlusa

614 1692 872 1759 essent,
900 1693 975 1749 ut
1006 1692 1419 1764 apparerent
1448 1683 1627 1750 sicut
1658 1682 1876 1764 nigra,
1905 1682 2106 1765 (talia
2133 1684 2202 1747 in
2235 1685 2492 1749 mundo
2521 1686 2854 1767 spirituali

614 1778 703 1843 ad
740 1778 961 1843 visum
996 1774 1385 1858 sistuntur,)
1422 1786 1497 1840 et
1542 1776 1641 1841 sic
1687 1776 1870 1859 quod
1919 1796 2055 1841 non
2095 1788 2379 1859 possent
2415 1777 2712 1861 aliquam
2749 1779 2850 1846 lu·

612 1890 764 1938 cem
802 1870 1175 1937 caelestem
1206 1871 1565 1945 sustinere,
1600 1870 1702 1935 ita
1737 1890 1862 1935 nec
1894 1871 2188 1957 aliquem
2219 1871 2547 1939 influxum
2577 1894 2616 1937 e
2653 1875 2852 1941 caelo

612 1966 1005 2032 admittere.
1110 1964 1423 2047 Nigredo
1484 1964 1626 2040 illa,
1687 1965 1755 2029 in
1819 1985 1956 2048 qua
2009 1977 2468 2047 apparuerunt
2526 1968 2852 2035 interiora

612 2078 871 2135 eorum,
914 2057 1132 2141 major
1188 2070 1261 2125 et
1327 2059 1690 2124 extensior
1744 2069 1894 2127 crat
1951 2059 2136 2140 apud
2199 2059 2378 2135 illos,
2433 2061 2548 2144 qui
2608 2073 2850 2129 contra

612 2154 936 2223 Divinum
967 2173 1089 2236 per
1118 2151 1498 2219 scientifica
1516 2153 1920 2217 eruditionis
1952 2174 2113 2218 suae
2145 2173 2219 2217 se
2250 2152 2848 2221 confirmaverunt.

612 2248 823 2315 Tales
876 2248 945 2313 in
1004 2247 1227 2314 altera
1261 2248 1407 2315 vita
1460 2268 1555 2313 ex
1604 2246 1908 2329 jucundo
1952 2249 2287 2332 recipiunt
2331 2269 2536 2317 omne
2579 2251 2846 2331 falsum,

612 2342 795 2425 quod
834 2342 1175 2409 imbibunt
1236 2342 1416 2407 sicut
1474 2342 1768 2425 spongia
1813 2362 2084 2426 aquam,
2124 2352 2197 2409 et
2253 2343 2596 2427 repellunt
2639 2366 2847 2413 omne

610 2456 868 2511 verum.
908 2437 1083 2503 sicut
1120 2436 1341 2501 elater
1376 2456 1617 2501 osseus
1662 2437 1731 2501 id
1776 2437 1957 2520 quod
1995 2438 2278 2519 incidit;
2325 2439 2571 2503 dicitur
2609 2444 2842 2519 etiam,

610 2532 797 2615 quod
840 2531 1167 2599 interiora
1210 2550 1469 2606 eorum,
1508 2532 1621 2614 qui
1668 2550 1744 2595 se
1787 2530 2328 2598 confimaverunt
2366 2545 2610 2599 contra
2652 2536 2846 2601 Divi-

611 2644 775 2692 num
833 2634 907 2694 et
964 2645 1091 2709 pro
1146 2634 1413 2702 natura,
1451 2624 1800 2691 ossificata
1855 2627 2036 2692 sint:
2104 2636 2313 2710 caput
2356 2647 2590 2694 eorum
2635 2631 2844 2698 etiam

608 2732 895 2806 apparet
928 2719 1260 2786 callosum
1294 2722 1470 2786 sicut
1500 2742 1592 2786 ex
1614 2720 1914 2798 ¹¹³eben0,
1947 2722 2132 2805 quod
2164 2723 2498 2806 pertingit
2529 2746 2738 2810 usque
2776 2729 2844 2794 in

610 2835 875 2890 nasum,
919 2815 1245 2880 indicium
1302 2815 1485 2898 quod
1547 2815 1840 2897 amplius
1885 2816 2134 2880 nullius
2179 2820 2638 2902 perceptionis
2681 2823 2843 2888 sint.

608 2909 745 2993 Qui
780 2909 958 2976 tales
994 2919 1177 2985 sunt,
1211 2910 1281 2975 in
1319 2910 1708 2992 voragines,
1741 2929 1916 2993 quae
1945 2922 2280 2994 apparent
2317 2913 2496 2978 sicut
2531 2913 2840 2998 paludes,

608 3007 1141 3088 immerguntur3
1188 3003 1299 3068 ubi
1344 3023 1387 3068 a
1428 3003 1836 3087 phantasiis,
1869 3005 1936 3070 in
1983 3025 2150 3088 quas
2195 3005 2368 3074 falsa
2409 3027 2644 3075 eorum
2691 3032 2840 3077 ver-

608 3109 869 3175 tuntur,
908 3099 1374 3181 exagitantur.
1463 3096 1655 3180 Ignis
1692 3116 1927 3163 eorum
1963 3098 2314 3164 infernalis
2347 3109 2457 3166 est
2502 3104 2840 3186 cupiditas

608 3194 867 3277 gloriae
911 3202 985 3258 et
1036 3192 1354 3269 nominis,
1398 3211 1492 3255 ex
1549 3212 1685 3274 qua
1728 3193 2114 3274 cupiditate
2159 3214 2332 3258 unus
2374 3196 2716 3262 invehitur
2772 3202 2840 3264 in

606 3289 923 3364 alterum,
960 3295 1035 3352 et
1070 3307 1163 3350 ex
1198 3285 1509 3350 infernali
1542 3286 1788 3350 ardore
1824 3289 2084 3353 cruciat
2121 3288 2278 3352 illos
2313 3289 2406 3354 ibi
2442 3291 2552 3374 qui
2587 3312 2662 3356 se
2700 3313 2836 3358 non

608 3396 685 3452 ut
722 3383 999 3450 numina
1028 3380 1287 3456 colunt,
1315 3390 1389 3445 et
1421 3380 1551 3460 hoc
1585 3401 1708 3464 per
1738 3382 1924 3446 vices
1957 3402 2126 3448 unus
2155 3383 2468 3448 alterum.
2560 3385 2640 3452 In
2672 3388 2842 3454 talia

606 3479 901 3548 vertitur
941 3494 1146 3542 omne
1198 3475 1539 3540 eruditum
1600 3475 1860 3552 mundi,
1909 3477 2093 3560 quod
2139 3497 2278 3542 non
2337 3477 2407 3544 in
2459 3499 2534 3546 se
2577 3484 2838 3568 recepit

606 3571 831 3640 lucem
868 3593 905 3635 e
942 3568 1137 3634 caelo
1168 3588 1288 3652 per
1322 3568 1752 3652 agnitionem
1790 3568 2038 3636 Divini.

730 3681 931 3750 353·
991 3662 1195 3745 Quod
1254 3662 1354 3727 illi
1413 3663 1595 3728 tales
1640 3665 1782 3728 sint
1840 3665 1910 3728 in
1967 3664 2224 3730 mundo
2280 3665 2632 3748 spirituali,
2681 3689 2835 3735 cum

604 3762 763 3829 illuc
799 3761 1084 3828 veniunt
1120 3767 1279 3842 post
1316 3769 1631 3834 mortem,
1672 3758 1896 3823 solum
1942 3780 2033 3822 ex
2079 3779 2164 3823 eo
2207 3758 2523 3823 concludi
2561 3769 2793 3842 potest
2815 3785 2834 3842 ;

604 3857 789 3942 quod
828 3867 989 3921 tunc
1019 3855 1247 3918 omnia
1278 3874 1450 3936 quae
1488 3852 1555 3916 in
1592 3855 1921 3918 memoria
1953 3853 2246 3919 naturali
2274 3863 2455 3930 sunt,
2489 3865 2560 3920 et
2591 3857 2833 3922 imme·

604 3954 792 4017 diate
826 3945 1190 4031 conjunfia
1222 3947 1646 4011 sensualibus
1680 3949 2005 4030 corporis,
2047 3959 2121 4014 ut
2155 3958 2316 4013 sunt
2352 3949 2522 4014 talia
2555 3952 2834 4018 scienti-

604 4046 755 4122 fica,
788 4065 961 4130 quae
1007 4063 1177 4110 mox
1220 4063 1422 4126 supra
1466 4043 1809 4108 recensita
1854 4053 2035 4119 sunt,
2082 4045 2460 4128 quiescant,
2506 4053 2579 4109 et
2623 4047 2835 4111 modo

604 4139 967 4207 rationalia
1003 4158 1175 4222 quae
1219 4137 1377 4200 inde
1415 4147 1597 4212 sunt,
1637 4158 1762 4223 pro
1807 4137 2232 4219 cogitatione
2277 4147 2349 4202 et
2394 4158 2519 4223 pro
2561 4137 2837 4224 loquela

603 4237 696 4301 ibi
730 4234 1147 4300 inserviant:
1200 4231 1411 4296 homo
1447 4233 1628 4296 enim
1672 4251 1906 4296 secum
1951 4231 2082 4296 fert
2127 4251 2400 4296 omnem
2433 4233 2832 4298 memoriam

604 4325 1008 4403 naturalem,
1046 4326 1171 4392 sed
1208 4325 1326 4390 illa
1360 4346 1536 4409 quae
1578 4325 1675 4391 ibi
1719 4335 1904 4404 sunt,
1943 4346 2080 4391 non
2119 4326 2245 4391 sub
2289 4326 2430 4410 ejus
2465 4327 2835 4394 intuitione

601 4433 764 4489 sunt
792 4432 866 4488 et
902 4423 973 4486 in
1004 4420 1505 4502 cogitationem
1528 4421 1814 4486 veniunt
1845 4421 2024 4486 sicut
2055 4421 2218 4485 dum
2241 4420 2420 4486 vixit
2449 4423 2518 4486 in
2549 4423 2830 4498 mundo,

602 4517 769 4584 nihil
802 4524 1041 4602 potest
1074 4515 1235 4582 inde
1272 4515 1698 4600 depromere,
1737 4522 1810 4581 et
1847 4515 1915 4579 in
1953 4513 2174 4580 lucem
2214 4515 2636 4600 spiritualem
2672 4535 2834 4602 pro-

600 4613 800 4691 ferre,
838 4610 997 4697 quia
1031 4630 1177 4678 non
1211 4619 1373 4676 sunt
1434 4609 1613 4676 illius
1659 4609 1855 4688 lucis,
1893 4609 2016 4676 sed
2053 4609 2418 4676 rationalia
2459 4633 2580 4678 seu
2625 4611 2824 4680 intel·
