3371 5304
615 615 742 682 320
1269 611 1371 662 DE
1416 609 1668 661 CAELo
1716 610 1812 660 ET
1860 609 2223 660 mFERNo.

619 783 802 847 ultra
838 781 1095 846 limites
1127 781 1359 846 decori
1397 790 1471 846 et
1505 781 1805 846 honesti.
1895 780 2097 845 Patet
2132 781 2341 844 etiam
2380 799 2469 844 ex
2504 799 2610 856 eo,
2650 782 2856 865 quod,

615 898 772 944 cum
807 878 1022 942 horno
1055 878 1236 942 intra
1279 897 1356 940 se
1393 877 1688 959 cogitat,
1722 877 1935 940 etiam
1974 877 2243 958 cogitet
2282 877 2631 958 quomodo
2668 878 2858 942 locu-

614 984 804 1038 turus
835 982 909 1039 et
941 970 1212 1036 acturus
1243 980 1373 1046 est,
1408 981 1484 1034 ut
1515 970 1810 1054 placeat,
1845 981 1919 1035 et
1951 981 2191 1053 captet
2220 973 2617 1047 amicitiam,
2645 973 2857 1038 bene-

609 1068 993 1132 volentiam
1031 1087 1111 1132 ac
1164 1067 1491 1148 gratiam,
1533 1076 1606 1129 et
1651 1065 1785 1130 hoc
1832 1067 2057 1129 modis
2094 1067 2473 1140 extraneis,
2514 1068 2615 1132 ita
2654 1068 2861 1135 aliter

611 1181 818 1246 quam
852 1161 1048 1227 fieret
1092 1161 1152 1225 si
1197 1181 1290 1226 ex
1326 1162 1598 1243 propria
1633 1161 2021 1225 voluntate.
2112 1160 2226 1224 Ex
2273 1161 2379 1224 his
2414 1171 2637 1243 patet,
2673 1163 2857 1245 quod

609 1267 838 1322 status
883 1256 1304 1332 interiorum,
1342 1257 1412 1319 in
1457 1275 1664 1338 quem
1707 1256 2107 1321 immittitur
2150 1257 2451 1337 spirituS,
2490 1256 2583 1320 sit
2631 1267 2856 1321 status

607 1354 920 1434 proprius
966 1353 1133 1434 ejus,
1181 1353 1285 1416 ita
1329 1371 1600 1436 quoque
1643 1353 1955 1435 proprius
1998 1351 2323 1427 hominis⁹
2360 1371 2518 1415 cum
2562 1354 2741 1416 vixit
2784 1355 2853 1416 in

605 1448 885 1512 mundo.

731 1557 940 1627 505.
987 1540 1157 1606 Cum
1183 1542 1461 1625 spiritus
1489 1542 1560 1605 in
1591 1549 1782 1605 statu
1806 1541 2204 1606 interiorum
2230 1562 2500 1606 suorum
2530 1550 2663 1618 est,
2687 1551 2853 1607 tunc

603 1645 799 1720 patet
829 1637 1194 1701 manifeste
1225 1636 1444 1719 qualis
1475 1636 1687 1700 homo
1716 1637 1785 1701 in
1819 1658 1893 1700 se
1926 1636 2047 1700 fuit
2080 1639 2149 1701 in
2183 1638 2461 1713 mundo,
2488 1639 2639 1720 agit
2670 1640 2853 1702 enim

605 1742 768 1797 tunc
806 1752 898 1795 ex
933 1733 1210 1814 proprio
1245 1751 1410 1810 suo;
1472 1733 1583 1815 qui
1619 1732 1911 1796 interius
1954 1732 2022 1794 in
2061 1732 2245 1797 bono
2282 1731 2405 1796 fuit
2450 1733 2520 1796 in
2566 1733 2849 1806 mundo,

602 1827 660 1890 is
693 1836 858 1890 tunc
885 1826 1318 1890 rationaliter
1351 1835 1422 1890 et
1455 1827 1807 1907 sapienter-
1836 1827 2007 1907 agit,
2034 1827 2245 1891 immo
2276 1836 2441 1890 tunc
2474 1828 2853 1910 sapientius

603 1940 808 2005 quam
846 1921 914 1984 in
953 1921 1236 1996 munde,
1277 1922 1436 2005 quia
1471 1920 1741 1986 solutus
1778 1931 1886 1986 est
1923 1943 1964 1984 a
2002 1941 2190 1986 nexu
2226 1942 2379 1986 cum
2420 1943 2727 2005 corpore.
2776 1933 2851 1988 et

599 2015 760 2079 inde
807 2035 964 2080 cum
1011 2017 1474 2092 terrestribus,
1515 2037 1691 2098 quae
1738 2017 2195 2081 obscurarunt
2240 2027 2314 2080 et
2360 2019 2551 2100 quasi
2598 2019 2847 2084 nubem

599 2111 1179 2193 interposuerunt.
1271 2109 1406 2192 Qui
1435 2121 1662 2174 autem
1702 2112 1769 2176 in
1802 2110 1987 2174 malo
2018 2111 2139 2175 suit
2179 2112 2247 2175 in
2282 2114 2565 2194 mundo„
2586 2114 2646 2176 is
2680 2123 2844 2177 tunc

603 2205 894 2286 insipide
957 2216 1030 2269 et
1087 2206 1327 2271 insane
1373 2207 1546 2288 agit,
1595 2207 1807 2270 immo
1852 2207 2156 2270 insanius
2202 2226 2403 2289 quam
2449 2208 2517 2272 in
2564 2209 2844 2282 mundo,

603 2301 759 2382 quia
795 2302 862 2364 in
902 2301 1116 2366 libero
1154 2312 1286 2378 est,
1325 2312 1398 2366 et
1439 2322 1577 2366 non
1617 2311 2013 2366 coercetur:
2062 2321 2215 2365 cum
2254 2303 2437 2365 enim
2483 2302 2551 2366 in
2588 2307 2847 2369 mundo

603 2396 805 2470 vixit,
847 2415 1053 2460 sanus
1089 2396 1214 2463 fuit
1261 2397 1329 2461 in
1367 2397 1699 2472 externiS,
1742 2416 1901 2460 nam
1940 2417 2061 2477 per
2098 2395 2217 2460 illa
2256 2395 2454 2460 finxit
2492 2397 2845 2464 hominem

603 2490 1055 2570 rationalem;
1108 2513 1314 2575 quare
1363 2511 1516 2556 cum
1555 2499 1851 2556 externa
1892 2491 1990 2554 illi
2038 2491 2275 2556 ablata
2312 2503 2491 2566 sunt,
2532 2493 2843 2560 revelan-

602 2596 712 2650 tur
759 2587 1062 2650 insaniae
1108 2587 1270 2669 ejus.
1361 2587 1610 2664 Malus,
1651 2589 1766 2671 qui
1813 2587 1881 2650 in
1926 2588 2235 2650 externis
2281 2586 2542 2669 effigiat
2588 2589 2843 2654 bonum

599 2682 976 2757 hominem,
1013 2686 1395 2766 comparari
1434 2694 1666 2768 potest
1703 2684 1849 2749 vasi
1880 2684 2191 2749 exterius
2224 2686 2447 2749 nitido
2483 2695 2557 2749 et
2595 2684 2841 2768 polito.

597 2799 675 2843 ac
712 2776 901 2843 tecto
933 2778 1295 2853 velamine,
1325 2780 1504 2843 intra
1534 2781 1716 2863 quod
1750 2780 2152 2845 reconditae
2185 2790 2343 2844 sunt
2377 2781 2602 2844 omnis
2626 2798 2840 2862 genc-

597 2876 688 2939 ris
725 2874 1110 2956 spurcities,
1161 2884 1233 2938 et
1273 2876 1650 2939 secundum
1689 2874 1969 2940 Domini
2004 2874 2302 2949 effatum,

701 3008 959 3059 “Similes
1001 3010 1132 3059 estis
1169 3009 1430 3072 sepulcris
1455 3010 1737 3069 dealbatis,
1763 3024 1900 3073 quae
1933 3009 2071 3059 foris
2106 3020 2371 3073 apparent
2405 3012 2669 3072 speciosa,
2694 3012 2839 3060 intus

861 3089 994 3125 vero
1018 3076 1180 3139 plena
1197 3085 1326 3125 sunt
1353 3076 1568 3127 ossibus
1591 3086 1945 3135 mortuorum,
1962 3085 2018 3127 et
2043 3077 2193 3127 omni
2220 3077 2560 3128 immunditie
2576 3076 2605 3096 ''
2621 3076 2839 3138 (Mam.

861 3142 1008 3191 xxiii.
1036 3142 1134 3203 27).

724 3256 936 3339 506.
997 3256 1260 3321 Omnes
1308 3257 1420 3339 qui
1467 3258 1534 3321 in
1581 3256 1769 3321 bono
1812 3257 2137 3322 vixerunt
2184 3258 2250 3321 in
2298 3258 2579 3331 mundo,
2628 3265 2698 3322 et
2745 3276 2837 3321 ex

597 3352 1024 3417 conscientia
1061 3364 1375 3433 egerunt,
1411 3354 1524 3436 qui
1559 3364 1725 3417 sunt
1762 3354 1874 3436 qui
1908 3363 2343 3434 agnoverunt
2382 3352 2723 3428 Divinum,
2764 3362 2839 3417 et

596 3458 1008 3511 amaverunt
1067 3448 1318 3512 Divina
1372 3468 1554 3523 vera,
1615 3448 1947 3531 imprimis
2011 3448 2124 3532 qui
2184 3448 2661 3530 applicuerunt
2717 3446 2841 3511 illa

595 3543 805 3617 vitae,
854 3553 1191 3623 apparent
1241 3544 1390 3619 sibi,
1439 3562 1594 3607 cum
1653 3545 1723 3607 in
1784 3551 2047 3608 statum
2109 3543 2506 3607 interiorum
2562 3562 2837 3607 suorum

593 3639 984 3713 mittuntur,
1025 3640 1203 3703 sicut
1242 3640 1355 3722 qui
1391 3636 1862 3722 expergefacti
1906 3659 1949 3703 a
1986 3658 2235 3703 somno
2270 3639 2337 3703 in
2375 3637 2682 3720 vigiliam
2719 3659 2837 3702 ve-

591 3733 809 3810 niunt,
842 3742 912 3796 et
947 3734 1122 3797 sicut
1157 3735 1270 3817 qui
1301 3753 1391 3797 ex
1427 3735 1666 3799 umbra
1694 3736 1764 3797 in
1798 3734 2042 3798 lucem.
2132 3732 2467 3815 Cogitant
2500 3734 2711 3797 etiam
2746 3754 2835 3796 ex

590 3826 742 3891 luce
779 3829 953 3892 caeli
991 3829 1087 3893 sic
1125 3852 1216 3893 ex
1257 3831 1580 3895 interiore
1617 3831 1983 3913 sapientia,
2010 3839 2083 3895 et
2127 3850 2218 3893 ex
2258 3830 2443 3893 bono
2482 3838 2699 3911 agunt
2737 3830 2835 3891 sic

589 3942 682 3987 ex
748 3923 1071 3989 interiore
1131 3924 1532 3991 affectione:
1600 3926 1818 3991 influit
1872 3927 2083 3991 etiam
2144 3925 2412 3989 caelum
2474 3926 2543 3987 in
2601 3943 2833 3989 eorum

590 4018 1058 4101 cogitationes
1091 4032 1162 4086 et
1200 4020 1594 4087 affectiones
1627 4041 1782 4085 cum
1814 4022 2023 4086 beato
2054 4031 2127 4087 et
2152 4020 2454 4104 jucundo
2486 4019 2833 4095 interiore,

591 4114 678 4177 de
737 4135 873 4197 quo
927 4118 1108 4199 prius
1155 4138 1295 4181 non
1345 4129 1726 4195 noverunt3
1788 4136 1949 4181 nam
1994 4116 2095 4181 illi
2140 4116 2833 4181 communicationem

589 4210 852 4275 habent
900 4232 1054 4277 cum
1102 4214 1368 4295 angelis
1407 4212 1627 4292 caeli;
1690 4224 1855 4277 tunc
1904 4214 2117 4277 etiam
2154 4222 2545 4295 agnoscunt
2594 4210 2835 4275 Domi-

595 4328 775 4383 num,
817 4318 889 4373 et
936 4310 1171 4374 c'olunt
1213 4310 1446 4392 Ipsum
1490 4331 1582 4373 ex
1629 4311 1776 4392 ipsa
1821 4311 1965 4374 vita
2012 4331 2153 4385 sua,
2204 4328 2361 4373 nam
2408 4310 2477 4373 in
2522 4309 2669 4371 vita
2712 4328 2835 4371 sua

590 4404 861 4487 propria
897 4416 1083 4480 sunt,
1123 4406 1402 4488 quando
1440 4406 1504 4467 in
1545 4416 1735 4469 statu
1771 4406 2171 4469 interiorum
2216 4424 2514 4479 suorum,
2556 4412 2631 4469 ut
2666 4422 2833 4468 mox

589 4518 794 4581 supra
834 4496 929 4583 (n.
970 4500 1119 4582 505)
1161 4498 1418 4564 dictum
1457 4512 1603 4573 est:
1654 4511 1725 4565 et
1764 4520 2030 4583 quoque
2062 4512 2453 4583 agnoscunt
2484 4512 2553 4564 et
2593 4499 2833 4565 colunt

589 4594 824 4667 Ipsum
883 4616 973 4659 ex
1035 4596 1270 4669 libero.
1321 4616 1478 4659 nam
1537 4598 1821 4661 liberum
1878 4607 1985 4660 est
2040 4598 2381 4661 interioris
2430 4594 2829 4661 affectionis.
